2414 3840
552 194 712 244 ..ς-

187 353 355 419 LXVIHI.
386 350 487 419 Ταῦτ’
509 355 611 419 εἰπὼν
640 351 815 440 ἐπαύσατο.
862 349 932 416 ἐπεὶ
959 345 989 415 δ’
1013 352 1050 416 αί
1070 362 1136 416 τῶν

121 459 354 548 πρεσβυτέρων
385 470 514 543 γνῶμαι
546 468 585 544 τῇ
619 461 794 541 Μενηνίου
826 455 1051 543 προσέθεντο,
1083 455 1137 522 καί

120 575 269 650 καθῆκεν
301 565 319 632 ὁ
353 569 452 650 λόγος
483 562 536 630 ἐπὶ
563 568 641 641 τοὺς
668 561 866 648 νεωτέρους,
900 562 1008 648 ὀρθῆς
1036 564 1194 647 οὔσηςιιλο

122 673 250 755 ἀπάσης
272 680 330 755 τῆς
353 676 477 756 βουλῆς
499 671 670 736 ἀνίσταται
685 673 834 754 Σπόριος
847 669 1008 752 Ναύτιος,
1033 671 1138 746 οἰκίας
1167 681 1170 685 ’

94 779 159 844 εέν
191 789 261 856 τοῖς
287 779 376 844 πάνυ
404 778 634 864 λαμπροτάτης
662 777 830 861 διάδοχος·
868 775 886 841 δ
912 777 978 861 γδιρ
1005 775 1139 860 ἡγεμὼν

122 886 243 954 αὐτῶν,
256 895 317 950 τοῦ
338 884 459 969 γένους
481 885 630 960 Ναύτιος
653 883 716 948 ἀπὸ
740 893 807 948 τῶν
832 883 896 947 σὺν
910 882 1032 967 Αίνείηι
1057 898 1138 947 στει-

122 993 253 1058 λάντων
282 993 343 1075 τὴν
367 991 533 1074 ἀποικίαν,
557 990 593 1067 δς
615 985 658 1074 ἦν
678 983 823 1073 Ἀθηνᾶς
842 989 949 1073 ἱερεὺς
967 988 1138 1065 Πολιάδος

121 1096 177 1164 καὶ
204 1099 241 1163 τὸ
271 1097 391 1176 ξόανον
420 1094 627 1181 ἀπηνέγκατο
654 1103 712 1178 της
739 1101 822 1170 θεᾶς
849 1094 1136 1179 μετανιστάμενος,

68 1202 72 1210 “
123 1203 141 1268 δ
170 1204 392 1286 διεφύλαττον
419 1204 515 1267 ἀλλοι
541 1196 619 1287 παρ’
641 1203 751 1266 ἀλλων
775 1199 1085 1285 μεταλαμβάνοντες
1107 1201 1140 1266 οί

82 1326 108 1364 10
122 1293 185 1372 τού
206 1306 325 1390 γένους
348 1310 441 1384 ὄντες
463 1316 523 1371 τοῦ
538 1310 712 1373 Ναυτίων·
736 1307 773 1383 δς
796 1306 905 1373 ἐδόκει
926 1303 983 1370 καὶ
1003 1308 1061 1372 διὰ
1079 1309 1137 1391 τὴν

123 1415 250 1478 οίκείαν
278 1412 398 1496 ἀρετην
426 1416 654 1497 λαμπρότατος
677 1408 854 1478 εἶναιτῶν
875 1410 972 1496 νέων,
997 1411 1055 1478 καὶ
1078 1413 1136 1479 ούκ

86 1520 170 1596 2είς
193 1522 323 1606 μακράν
344 1529 403 1604 τῆς
425 1520 585 1604 ὑπατικῆς
607 1519 759 1598 ἐξουσίας
781 1519 965 1598 τεύξεσθαι.
1000 1518 1136 1605 ἀρξάμε-

122 1650 181 1703 νος
209 1623 239 1691 δ’
263 1626 504 1710 ἀπολογεῖσθαι
525 1627 644 1709 κοινὴν
668 1626 851 1708 ἀπολογίαν
873 1620 957 1709 ὑπὲρ
981 1624 1136 1692 ἁπάντων

122 1744 190 1797 τῶν
216 1731 319 1817 νέων,
348 1733 392 1809 ὡς
416 1733 492 1798 ούτε
515 1735 704 1819 φιλονεικίᾳ
726 1741 766 1816 τῇ
789 1734 872 1817 πρὸς
893 1733 973 1807 τοὺς
995 1731 1137 1815 πατέρας

84 1854 109 1895 15
125 1839 201 1903 οὔτε
230 1839 395 1925 αὐθαδείᾳ
424 1837 658 1924 χρησαμένων,
688 1839 742 1904 ὅτε
768 1839 830 1921 τὴν
858 1835 1016 1902 ἐναντίαν
1040 1840 1136 1922 ἔσχον

122 1943 159 2009 έν
178 1952 217 2029 τη
237 1942 381 2030 προτέρᾳ
400 1949 505 2029 βουλῇ
523 1948 730 2030 προαίρεσιν,
755 1941 826 2009 ἀλλ’
845 1949 936 2029 είπερ
955 1944 1021 2028 ἀρα
1035 1943 1136 2028 ἡμάρ

121 2073 224 2143 τανον
253 2052 308 2115 διά
334 2051 396 2134 τὴν
423 2051 558 2134 ἡλικίαν
584 2051 700 2136 γνώμη
730 2048 941 2136 σφαλέντων,
973 2054 1136 2115 τελευτῶν

122 2159 185 2239 έφη
224 2158 261 2221 τὸ
298 2158 417 2221 πιστὸν
453 2158 575 2222 τούτου
612 2154 815 2241 παρέξεσθαι
847 2143 923 2240 τὴν
941 2158 1136 2241 μεταβολήν.

122 2273 308 2346 συγχωρεῖν
336 2273 421 2346 γοῦν
444 2262 556 2340 αὐτοῖς
579 2262 624 2340 ὡς
647 2265 785 2347 ἀμεινον
808 2269 997 2347 φρονοῦσιν
1021 2262 1136 2344 ἐπιψη-

81 2385 107 2425 20
122 2371 277 2453 φίζεσθαι
306 2378 387 2450 πᾶν,
416 2369 434 2434 δ
457 2392 489 2433 τι
512 2367 555 2434 ἀν
577 2369 723 2452 ἡγῶνται
744 2376 791 2456 τῷ
814 2375 916 2455 κοινῷ
941 2367 1134 2453 συμφέρειν,

121 2474 166 2550 ὡς
194 2470 295 2539 οὐδὲν
319 2486 416 2559 σφῶν
438 2498 475 2558 γε
498 2477 582 2559 πρὸς
603 2472 696 2539 ταῦτ’
720 2472 1030 2559 ἐναντιωσομένων,
1055 2475 1188 2540 ἀλλά119ί

87 2578 328 2665 3πεισομένων
360 2592 430 2658 τοῖς
461 2578 706 2665 πρεσβυτέροις.
748 2581 845 2666 ὅμοια
877 2578 914 2646 δέ
943 2582 1053 2669 τούτῳ
1082 2577 1136 2646 καὶ

120 2695 188 2748 τῶν
216 2687 326 2750 ἀλλων
355 2685 442 2752 νέων
470 2685 740 2771 ἀποφηναμένων
768 2686 860 2763 ἐκτὸς
888 2687 1012 2770 ὀλίγων
1036 2700 1137 2755 τινῶν

121 2790 211 2854 πάνυ
239 2801 307 2855 τῶν
327 2786 466 2859 Ἀππίου
489 2803 661 2876 συγγενῶν
686 2792 916 2870 ἐπαινέσαντες
937 2794 1000 2878 την
1024 2795 1136 2861 εύκοσ-

81 2913 107 2954 ιο
121 2898 202 2979 μίαν
230 2895 339 2960 αὐτῶν
368 2898 403 2962 οί
427 2899 547 2963 ύπατοι
574 2896 630 2964 καί
652 2896 938 2984 παρακαλέσαντες
961 2900 1009 2976 είς
1031 2903 1137 2967 πάντα

193 3094 209 3142 3
224 3085 349 3154 καθήκε.
360 3089 406 3143 Ba
451 3095 466 3144 5
480 3084 511 3144 έν
521 3096 582 3153 ταῖς
590 3088 667 3144 πάνυ
677 3089 916 3160 λαμπροτάταιςΟ
931 3105 1001 3144 corr.
1013 3091 1135 3146 Sintenis

120 3159 182 3212 Em.
202 3158 285 3214 Dion.
299 3159 325 3211 H
340 3168 373 3216 33
447 3168 462 3215 6
482 3161 586 3232 αὐτῶν]
608 3162 683 3235 αὐτῷ
702 3177 725 3215 ο.
746 3159 869 3216 Sintenis
888 3162 907 3219 l.
926 3161 945 3215 1.
1020 3168 1036 3217 7
1056 3164 1135 3219 ἀποι-

121 3232 234 3293 κείανος
252 3231 299 3284 Ba
339 3232 488 3285 ἀποικίαν·
509 3229 540 3293 ὃς
557 3231 634 3284 ABb
676 3229 707 3294 ὃς
725 3230 779 3286 del.
798 3231 902 3287 Reisko
939 3228 980 3293 είς
998 3248 1021 3287 ο.
1041 3233 1134 3288 Kiess-

119 3300 182 3371 ling
260 3296 507 3372 8έπενέγκατοΒ
586 3308 618 3355 10
638 3303 768 3357 Ναυτίου
787 3301 818 3365 δς
835 3304 882 3357 Bb
918 3303 1090 3376 Ναυτιοίίίίίί
1106 3324 1134 3366 ος

119 3372 282 3498 ΒωθύδὲΙΞ
288 3372 411 3497 Ιιῧιάντων
429 3372 452 3424 Β
519 3378 551 3426 19
570 3375 749 3442 ψηφίζεσθαι
767 3391 789 3429 ο.
810 3373 975 3428 dubitanter
992 3373 1135 3444 Kiossling

68 3564 101 3608 Ι
