2414 3840
97 180 164 247 210
527 184 689 233 -Ε-

97 356 165 411 τῶν
194 344 418 430 ἐπιτυχόντων
447 343 678 428 ἐκκομίσαντες
705 341 742 408 ἐκ
768 352 827 427 της
853 347 983 421 πόλεως
1009 346 1067 410 καά

97 477 132 518 τε
166 451 222 518 καὶ
251 452 407 516 θάπτειν·
442 450 463 534 ἡ
492 449 606 534 μέντοι
634 449 740 533 βουλὴ
768 456 930 532 μαθοῦσα
957 451 1012 543 όις
1026 445 1067 536 ιίχ

99 559 213 634 αὐτοῖς
235 558 275 622 τά
297 557 471 642 πράγματα
495 555 669 642 [ἀπόρως],
692 554 728 621 ἐκ
750 567 817 622 τῶν
840 555 1067 642 δημοσίωνέιί

99 667 220 748 φίσατο
248 662 425 748 χρημάτων
452 662 737 748 ἐπιχορηγηθῆναι
765 665 823 740 τὰς
850 666 898 742 είς
920 665 983 748 τὴν
1003 686 1067 749 ταφ

71 770 263 852 ιδαπάνας,
291 767 346 834 καὶ
370 772 508 854 χωρίον,
533 771 619 834 ἔνθα
641 768 770 854 ἐκαόθη
792 768 849 836 καὶ
873 770 993 856 ἐτάφη,
1019 771 1067 856 μόι

97 885 166 940 τῶν
192 876 305 962 μέχρις
333 874 415 960 ἐμοῦ
442 873 634 959 γενομένων
656 873 830 961 ἐπιφανῶν
853 876 991 963 ἀνδρῶν
1011 875 1066 943 ἐνι

98 985 192 1048 πόλει
215 983 379 1065 σύνεγγυς
396 990 454 1065 τῆς
473 981 596 1067 ἀγοράς
614 978 785 1060 ἀπέδειξεν
802 980 860 1048 ὑπ’
880 983 1031 1060 Οὐελίας·
1047 1002 1066 1047 ιι

98 1092 189 1155 ἐστιν
217 1089 326 1174 ὥσπερ
356 1088 447 1174 ἱερὸν
473 1071 573 1154 τοῦτο
600 1097 672 1167 τοῖς
699 1087 732 1167 ἐξ
755 1087 887 1155 ἐκείνου
910 1098 972 1156 τοῦ
992 1087 1066 1173 γένυι

98 1194 327 1262 ἐνθάπτεσθαι
359 1193 549 1280 ἀνειμένον,
584 1195 709 1271 παντὸς
738 1196 889 1262 πλούτου
919 1194 975 1262 καὶ
1003 1194 1066 1273 πάλι

58 1318 85 1358 1⁰
99 1303 267 1385 βασιλείας
293 1308 444 1384 κρεῖττον
472 1299 619 1384 ἀγαθόν,
651 1305 686 1366 εί
707 1323 758 1378 τις
784 1303 829 1386 μη
856 1313 930 1380 ταῖς
952 1298 1066 1369 ἐπονειδ

99 1424 190 1483 στοις
211 1405 350 1489 ἡδοναῖς
372 1416 486 1492 μετρεῖ
504 1407 567 1490 τὴν
591 1407 821 1492 εὐδαιμονίαν,
845 1408 930 1475 ἀλλά
949 1417 994 1498 τῷ
1011 1410 1066 1492 κοίη

56 1511 283 1597 4οὐαλέριος
318 1509 380 1597 μὲν
417 1514 457 1596 δὴ
491 1515 704 1590 Ποπλικόλας
741 1511 848 1580 οὐθὲν
882 1516 945 1596 ἔξω
976 1524 1066 1600 τηςει

97 1619 280 1701 τάναγκαῖα
313 1619 462 1702 δαπάνης
488 1619 677 1700 κτήσασθαι
703 1623 942 1707 προελόμενος,
974 1622 1016 1700 όις
1036 1626 1065 1684 ιδ

97 1724 362 1812 πολυχρημάτων
384 1747 434 1802 τις
456 1723 622 1808 βασιλέων
645 1730 809 1812 λαμπραῖς
826 1726 892 1792 ὑπὸ
911 1737 970 1812 τῆς
985 1729 1065 1793 πόλει

58 1849 84 1890 1⁵
99 1833 270 1916 ἐκοσμήθη
302 1839 437 1915 ταφαῖς·
474 1828 531 1895 καὶ
563 1831 666 1896 αὐτὸν
690 1827 862 1918 Ῥωμαίων
894 1836 933 1899 αί
959 1840 1065 1919 γυναθιι

98 1940 222 2005 άπασαι
254 1937 491 2022 συνειπάμεναι
522 1938 582 2003 τὸν
613 1938 869 2026 αὐτὸντρόπον
896 1942 1004 2027 ὥσπερ
1025 1936 1065 2004 'lm

97 2070 174 2111 νιον
187 2050 341 2132 Βροῦτον
364 2041 524 2110 ἀποθέσει
544 2054 673 2131 χρυσοῦ
690 2068 726 2112 τε
743 2044 799 2112 καὶ
817 2048 994 2134 πορφύρας
1006 2043 1065 2130 (τόν

97 2152 271 2219 ἐνιαύσιον
308 2149 500 2234 ἐπένθησαν
532 2153 670 2237 χρόνον,
708 2152 753 2230 ὡς
784 2156 865 2231 ἔθος
897 2146 1065 2233 αὐταῖςέῖ

97 2266 238 2326 πενθεῖν
261 2256 314 2324 ἐπὶ
335 2269 406 2336 τοῖς
428 2258 622 2341 ἀναγκαίοις
643 2269 711 2324 τῶν
734 2276 910 2343 συγγενιν
931 2262 1043 2346 κήδεσι

58 2381 84 2422 2⁰
164 2365 397 2432 XXXXVIIII.
430 2367 526 2430 Μετὰ
552 2363 589 2430 δὲ
616 2367 676 2432 τὸν
699 2365 854 2432 ἐνιαυτὸν
878 2367 1006 2434 ἐκεῖνον
1023 2362 1064 2430 δεῖ

98 2496 151 2539 τοι
187 2475 407 2539 καθίστανται
438 2473 587 2557 Σπόριος
613 2472 762 2550 Κάσσιος
790 2473 1005 2552 Οὐεκελλῖνος
1034 2465 1064 2534 ίῖ

97 2579 303 2664 καλούμενος
325 2573 380 2642 καὶ
399 2572 537 2663 Ὀπίτωρ
563 2577 760 2664 Οὐεργίνιος
783 2581 953 2661 Τρικάτος.
984 2571 1030 2663 ἐφ’
1049 2562 1064 2635 δ

99 2686 117 2750 ὁ
144 2685 228 2771 πρὸς
250 2687 421 2768 Σαβίνους
447 2686 591 2769 πόλεμος
617 2682 682 2750 ὑπὸ
710 2682 858 2771 θατέρου
884 2697 954 2752 τῶν
976 2681 1064 2751 ὑπέιο

99 2792 253 2876 Σπορίου
271 2791 438 2873 κατελύθη
457 2789 562 2876 μάχης
581 2791 718 2876 ἰσχυρᾶς
730 2790 914 2876 γενομένης
928 2793 970 2860 οδ
981 2780 1064 2878 μακά

58 2903 156 2980 λιτῆς
178 2898 335 2981 Κυριτῶν
356 2899 496 2974 πόλεως·
528 2896 561 2976 ἐξ
584 2892 623 2980 ης
645 2894 819 2963 ἀπέθανον
841 2894 903 2983 μὲν
927 2895 1007 2985 ἀμφὶ
1025 2886 1064 2959 τοῖ’

169 3096 185 3144 3
210 3086 322 3159 ἀπόρως
345 3088 399 3145 del.
424 3089 513 3144 Cobet
532 3089 597 3145 Obs.
617 3107 643 3160 p.
661 3097 710 3145 101
802 3098 817 3145 7
840 3092 896 3146 ὑπὸ
918 3085 1006 3152 ἐλέους
1021 3076 1063 3139 λθ

97 3161 227 3233 όπελεηζίί
243 3161 290 3214 Ba
325 3158 375 3215 ὑπ’
393 3156 489 3217 ἐλέουσ
506 3161 552 3214 Bb
572 3161 685 3216 Veliam
700 3159 853 3231 significari
868 3161 1063 3217 Oasaubonuev

98 3232 141 3286 dit
212 3231 344 3302 9πάσης
366 3231 472 3287 adm}
547 3238 580 3287 10
604 3229 805 3295 ἐπονειδίστοις
828 3233 936 3290 αδδΒ
1004 3215 1063 3304 1ῖέ

97 3303 161 3359 add.
181 3303 352 3373 Grasberger
366 3302 441 3358 Tess.
456 3302 571 3373 Herbip.
585 3321 614 3372 p.
629 3311 663 3359 2⁷
700 3311 731 3358 21
752 3305 921 3367 Οόσκελῖνος
934 3305 960 3356 Α
986 3299 1063 3356 Οάῖῖῖ

97 3378 173 3438 λῖνος
192 3378 213 3430 Β
252 3376 434 3436 Οὐεκελλῖνος
452 3373 608 3428 Mommsen
625 3374 775 3430 Rbmische
794 3375 991 3446 Forschungen
1006 3387 1029 3440 p·
1041 3362 1063 3417 ¹⁰

98 3451 132 3498 θλ
153 3465 315 3516 τριακοστος
333 3445 379 3500 Ba
415 3445 544 3515 τρικάτος
562 3445 635 3500 BbC
673 3444 818 3517 στρικάτος
836 3448 861 3501 Α
