2400 3848
529 179 693 229 ,Ε-

100 343 180 418 τοὺς
209 343 357 424 βασιλεῖς
384 336 440 404 καὶ
466 341 741 423 θεμιστοπόλους.
784 336 841 403 καὶ
868 338 965 424 μέχρι
991 341 1099 403 πολλοι1

103 445 258 532 διέμενον
285 443 338 511 ἐπὶ
366 445 479 531 ῥητοῖς
505 460 594 510 τισιν
621 445 660 509 αλ
684 447 850 528 βασιλεῖαι
878 445 1099 528 διοικούμεναι

102 553 254 634 καθάπερ
282 552 303 635 ἡ
330 553 621 636 Λακεδαιμονίων·
663 550 858 637 ἀρξαμένων
887 550 928 617 δέ
952 574 1053 616 τινων
1075 549 1099 614 ί·

102 669 173 735 ταῖς
201 657 366 737 ἐξουσίαις
388 661 592 741 πλημμελεῖν
613 653 670 722 καὶ
692 660 810 742 νόμοις
832 655 893 742 μὲν
916 657 1013 740 ὀλίγα
1033 678 1099 741 χρω

74 763 224 849 εμίνων,
246 773 319 840 ταῖς
342 759 374 828 δ’
391 762 519 829 ἑαυτῶν
537 763 685 848 γνώμαις
703 765 868 830 τὰπολλὰ
886 763 1099 830 διοικούντων

103 871 369 955 δυσχεράναντες
397 870 479 935 ὅλον
507 870 546 933 τὸ
573 878 708 954 πρᾶγμα
736 870 772 934 οί
791 868 911 936 πολλοὶ
933 867 1099 935 κατέλυσα

103 973 164 1062 μὲν
192 978 233 1042 τά
261 976 416 1060 βασιλικά
437 975 676 1060 πολιτεύματα,
707 978 833 1060 νόμους
856 972 894 1042 δὲ
915 984 1099 1059 καταστχσιί

104 1107 200 1168 μενοι
226 1081 283 1149 καὶ
310 1082 411 1168 άρχδς
439 1080 686 1164 ἀποδείξαντες,
716 1083 852 1160 ταύταις
879 1082 1023 1169 ἐχρῶντο
1048 1091 1099 1146 τά)

67 1192 233 1256 3πόλεων
261 1193 434 1272 φυλακαῖς.
481 1185 552 1253 ἐπεὶ
579 1182 611 1253 δ’
638 1187 700 1252 οὐιι
727 1186 901 1271 αὐτάρκεις
926 1185 1014 1273 ἦσαν
1040 1187 1099 1253 οὐτ

64 1315 90 1355 10
103 1297 140 1361 οί
159 1294 314 1371 τεθέντες
330 1290 389 1359 ὐπ’
408 1293 519 1360 αὐτῶν
537 1296 637 1378 νόμοι
655 1296 816 1377 βεβαιοῦν
833 1296 871 1360 τὸ
891 1297 1023 1360 δίκαιον
1040 1293 1099 1359 οὐτ

90 1401 140 1467 ·οί
163 1403 222 1479 τάς
249 1400 351 1485 ἀρχὰς
377 1397 433 1465 καὶ
460 1401 518 1477 τάς
546 1399 731 1484 ἐπιμελείας
759 1400 870 1467 αὐτῶν
893 1402 1099 1486 λαμβάνοντε

104 1510 246 1591 βοηθεῖν
273 1518 344 1584 τοῖς
366 1509 497 1592 νόμοις,
527 1507 617 1571 οἵτε
639 1504 750 1592 καιροὶ
772 1509 880 1572 πολλὰ
901 1515 1099 1593 νεοχμοῦντε

104 1612 145 1677 οὐ
172 1614 213 1677 τά
239 1614 397 1700 κράτιστα
424 1623 492 1678 τῶν
519 1613 785 1697 πολιτευμάτων,
817 1613 902 1679 άλλδι
927 1615 970 1679 τά
992 1634 1097 1697 πρεπω

105 1717 244 1785 δέστατα
284 1731 355 1798 ταῖς
395 1720 729 1804 καταλαμβανούσαις
768 1719 891 1797 αὐτοὺς
927 1723 1099 1805 συντυχίαν,

66 1845 89 1886 ιε
104 1826 291 1910 ἠνάγκαζον
323 1827 509 1912 αἱρεῖσθαι,
542 1825 583 1891 οὐ
615 1826 722 1909 μόνον
755 1824 792 1890 ἐν
823 1836 895 1902 ταῖς
922 1825 1099 1910 άβουλήτοι

104 1942 304 2019 συμφοραῖς,
328 1931 411 1997 άλλδ
433 1931 497 1996 κάν
520 1941 592 2008 ταῖς
614 1931 902 2017 ὑπερβαλλούσαις
923 1933 962 1996 τὸ
986 1932 1099 2018 μέτρια

104 2040 284 2125 εὐτυχίαις,
319 2036 612 2124 διαφθειρομένων
641 2034 686 2101 δι’
716 2037 817 2114 αὐτάς
845 2048 913 2103 τῶν
940 2044 1099 2104 πολιτικά,

102 2147 248 2231 κόσμων,
273 2136 323 2221 οἷς
345 2143 611 2229 ἐπανορθώσεως
633 2146 765 2228 ταχείας
786 2142 842 2208 καὶ
864 2144 1099 2230 αὐτογνώμονο

104 2254 187 2335 ἔδει,
214 2251 439 2336 ἠναγκάζοντο
467 2251 629 2336 παράγειν
655 2250 757 2315 πάλιν
784 2251 843 2326 τάς
870 2253 1045 2333 βασιλικάς
1066 2275 1099 2316 κα

65 2378 91 2418 εο
104 2361 305 2444 τυραννικὰς
328 2358 479 2437 ἐξουσίας
498 2359 545 2433 είς
563 2356 676 2442 μέσον,
700 2356 841 2440 ὀνόμασι
860 2358 1099 2442 περικαλύπτον

104 2487 157 2542 τες
176 2465 278 2542 αὐτάς
296 2462 579 2549 εὐπρεπεστέροις,
603 2461 763 2528 Θετταλοὶ
781 2459 842 2547 μὲν
861 2461 998 2547 ἀρχούς,
1017 2469 1099 2530 Aaou

104 2571 273 2656 δαιμόνιοι
301 2570 332 2636 δ’
355 2570 523 2658 ἁρμοστάς
544 2574 739 2651 καλοῦντες,
768 2570 979 2654 φοβούμενοι
1002 2569 1099 2656 τυράν

103 2698 185 2753 νονς
207 2677 227 2760 ἢ
251 2681 398 2761 βασιλεῖς
421 2677 544 2753 αὐτοὺς
565 2681 690 2760 καλεῖν,
716 2675 761 2752 ὡς
784 2673 857 2740 οὐδ’
881 2675 979 2741 ὅσιον
1004 2682 1099 2760 σφίσι

103 2780 266 2867 ὑπάρχον,
289 2782 328 2860 δὶς
350 2782 535 2849 κατέλυσαν
559 2782 710 2861 ἐξουσίας
733 2781 846 2868 ὅρκοις
863 2779 919 2846 καὶ
938 2781 1035 2868 άραῖς
1053 2783 1099 2850 ἐπι

178 3016 190 3062 1
211 3012 329 3079 θεμιστο
347 3011 466 3072 πολλοὺς
483 3010 531 3063 Ba
595 3015 611 3064 5
631 3007 662 3064 δὲ
682 3008 775 3063 αὐτῶν
795 3007 818 3061 O
874 3008 958 3071 ’ῖτδις
977 3011 1099 3081 βασιλεία

104 3079 202 3134 καὶτὸ
221 3082 375 3150 πολίτευμα
393 3080 458 3148 Α(ῖ)
487 3079 523 3133 τδι
541 3082 686 3152 βασιλεικα
705 3079 894 3148 πολιτεύματα
912 3079 959 3132 Ba
986 3080 1022 3134 τδι
1040 3083 1099 3152 βασι

104 3149 169 3206 λικδι
186 3169 215 3206 π.
234 3150 282 3204 Bb
338 3158 371 3204 15
390 3151 477 3205 verba
494 3150 561 3204 indo
581 3151 616 3204 ab
635 3149 795 3221 ἠνάγκαζον
814 3167 903 3218 usque
922 3151 959 3205 ad
978 3152 1099 3220 εὐτυχίαι

105 3240 158 3278 om.
178 3222 225 3275 Ba
253 3221 316 3277 add.
340 3220 388 3274 Bb
414 3221 445 3274 in
472 3238 536 3290 mge
566 3222 746 3290 superscripss.
775 3223 906 3291 κείμενον
999 3228 1031 3276 16
1050 3222 1099 3276 κάν

105 3296 154 3350 καλ
172 3293 196 3347 Β
212 3294 216 3367 Ι
233 3291 334 3365 μέτρον
358 3308 381 3347 ο.
401 3292 504 3346 Reiske
588 3299 619 3347 17
640 3289 680 3347 δι’
697 3291 784 3354 αὐτάς
802 3292 879 3346 ABa
915 3290 947 3347 δὲ
967 3293 1053 3355 αὐτὰς
1068 3291 1099 3344 Βλ

106 3373 139 3420 19
164 3365 290 3439 άρ<αις>
312 3363 358 3417 Bb
440 3368 474 3416 21
499 3363 648 3432 άρχούςΟ
689 3365 792 3433 ταγούς
814 3363 953 3418 ΒδεύεΙθε
975 3363 1099 3433 ὃῖερλιαω

106 3439 220 3493 auctore
