2414 3840
520 169 680 220 -ς,

92 336 247 396 πελατῶν
275 328 313 394 ἐν
341 340 411 406 τοῖς
439 329 710 412 ἀναγκαιοτάτοις
734 329 944 408 ἐξετάζονται.
990 329 1110 395 καλοῦ

92 435 180 520 λέγω
212 444 316 500 ταῦτα
348 445 543 520 κατηγορῶν
571 435 634 518 ἐγὼ
663 446 731 501 τῶν
759 436 802 520 μὴ
830 438 870 500 τδι
897 440 1109 521 παραπλήσια

93 540 168 628 ἐμοὶ
196 544 425 626 πεποιηκότων
453 539 526 607 οὐδ’
550 547 584 607 εί
602 565 690 619 τινες
712 545 804 630 νόμῳ
829 544 1109 628 συγχωρούμενόν

92 671 125 713 τι
158 648 304 732 ἔδρασαν
332 646 459 712 ἀδικεῖν
487 647 608 724 αὐτοὺς
638 654 765 732 οίομαι,
795 648 877 714 ἀλλὰ
904 650 962 726 τόις
990 648 1109 734 <κατ’>

93 753 241 838 ἐμαυτοῦ
264 754 423 836 διαβολὰς
446 753 641 837 ἀπολύομαι.
1123 778 1136 818 ο

161 858 229 924 LX.
254 857 293 924 “A
317 854 347 924 δ’
370 861 417 936 είς
439 861 643 944 χαλεπότητα
666 858 721 925 καὶ
741 874 899 945 πονηρῶν
918 863 1109 943 ἀνθρώπων

92 968 300 1051 προστασίαν
330 964 485 1031 ὠνείδισέ
505 989 572 1050 μοι,
596 966 784 1049 μισόδημόν
805 966 919 1033 τεκαὶ
943 969 1109 1053 ὀλιγαρχι-

92 1074 155 1137 κὸν
174 1072 361 1155 ἀποκαλῶν,
381 1072 433 1136 ότι
450 1081 507 1155 τῆς
526 1071 777 1156 ἀριστοκρατίας
790 1071 994 1158 περιέχομαι,
1013 1075 1109 1138 κοινδι
1197 1108 1199 1116 ·

92 1177 229 1242 πάντων
255 1177 350 1262 ὑμῶν
380 1176 449 1242 ἐστι
480 1181 750 1262 κατηγορήματα,
783 1179 857 1244 ὅσοι
890 1180 951 1244 οὐκ
979 1179 1109 1257 ἀξιοῦτε

92 1285 279 1369 κρείττονες
297 1284 391 1360 ὄντες
409 1283 474 1349 ὑπὸ
493 1287 656 1370 χειρόνων
670 1286 843 1370 ἄρχεσθαι,
863 1282 937 1352 οὐδ’
954 1286 996 1369 ἣν
1010 1308 1108 1371 παρε-
1120 1309 1145 1347 10

94 1390 211 1472 λάβετε
234 1388 297 1454 ἀπὸ
320 1399 389 1453 τῶν
408 1392 587 1474 προγόνων
605 1394 776 1457 πολιτείαν
794 1393 859 1457 ὑπὸ
878 1401 936 1476 τῆς
953 1395 1109 1475 κακίστης

92 1506 162 1561 τῶν
180 1495 217 1560 ἐν
236 1494 430 1579 ἀνθρώποις
446 1501 622 1561 πολιτειῶν
637 1498 859 1582 δημοκρατίας
873 1498 1109 1583 ἀφαιρεθῆναι.

94 1601 136 1666 οὐ
159 1602 223 1686 γὰρ
246 1599 289 1665 ἀν
312 1594 410 1677 οὗτος
429 1602 624 1686 ὀλιγαρχίαν
644 1604 750 1686 ὄνομα
768 1609 869 1685 θηται
887 1610 926 1687 τῇ
945 1615 1012 1669 τῶν
1030 1606 1144 1688 κρυ-2

92 1710 215 1772 τίστων
237 1706 410 1793 ἡγεμονίᾳ,
431 1706 487 1772 καὶ
511 1708 552 1791 δὴ
576 1709 613 1772 τὸ
631 1717 765 1793 πρᾶγμα
783 1708 849 1773 ὑπὸ
868 1716 928 1773 τοῦ
946 1707 1110 1792 ὀνόματος

19 1808 280 1896 ιιτθδιαβληθδν
303 1811 584 1897 ἀφανισθήσεται·
607 1814 700 1897 ἡμεῖς
724 1809 760 1877 δέ
783 1815 894 1901 πολλῷ
919 1812 960 1879 ἀν
984 1815 1145 1878 δικαιό-ιι

93 1942 193 2004 τερον
217 1916 451 2003 ἐπενέγκαιμεν
474 1921 605 1997 όνειδος
627 1917 682 1984 καὶ
706 1919 944 2005 ἀληθέστερον,
968 1922 1110 2004 δημοκο-

92 2028 176 2091 πίαν
204 2022 260 2090 καὶ
289 2036 500 2110 τυραννικῶν
529 2028 637 2111 ἐργων
665 2024 855 2110 ἐπιθυμίαν.
903 2025 1017 2092 οὐδενί
1045 2028 1108 2111 γάρ

93 2133 137 2215 δὴ
161 2132 298 2214 ἀίδηλον,
322 2130 374 2195 ότι
397 2140 461 2208 πᾶς
482 2132 647 2216 τύραννος
670 2130 705 2196 ἐκ
730 2133 957 2215 δημοκόλακος
978 2133 1108 2216 φύεται,

92 2235 150 2302 καὶ
178 2246 291 2321 ταχεῖα
315 2235 394 2314 ὁδός
416 2237 486 2303 ἐστι
508 2248 578 2314 τοῖς
601 2239 895 2303 καταδουλοῦσθαι
918 2240 975 2316 τὰς
997 2241 1109 2314 πόλεις

93 2341 314 2427 βουλομένοις
336 2343 357 2426 η
382 2343 438 2408 διὰ
460 2353 527 2408 τῶν
550 2346 715 2408 κακίστων
739 2345 866 2427 ἀγουσα
885 2349 1031 2409 πολιτῶν
1054 2342 1141 2408 ἐπὶεο

92 2450 154 2526 τὰς
177 2450 384 2531 δυναστείας,
410 2448 469 2526 οὓς
491 2449 690 2534 θεραπεύων
714 2445 811 2526 οὗτος
835 2448 1034 2514 διατετέλεκε
1055 2449 1110 2515 καὶ

93 2551 176 2620 οὐδὲ
196 2538 298 2640 (μέχρι
325 2563 386 2619 τοῦ
413 2557 578 2638 παρόντος
605 2556 750 2620 παύεται.
798 2549 835 2619 εὖ
858 2556 921 2639 γὰρ
946 2561 1030 2638 ίστε,
1058 2555 1143 2622 ὅτι3

94 2660 159 2726 οὐκ
187 2659 228 2725 διν
251 2661 436 2746 ἐτόλμησαν
467 2661 502 2725 οί
529 2666 653 2745 φαῦλοι
680 2659 736 2726 καὶ
760 2658 908 2725 ταπεινοὶ
930 2667 1109 2745 τηλικαῦτα

95 2765 303 2852 ἐξαμαρτεῖν,
336 2769 368 2832 εί
395 2768 439 2850 μη
471 2767 536 2831 ὑπὸ
569 2776 628 2832 τοῦ
657 2774 781 2851 σεμνοῦ
808 2764 863 2831 καὶ
891 2771 1109 2852 φιλοπόλιδος

169 2929 183 2976 1
204 2919 398 2994 ἐξεταζόμενοι
411 2939 434 2977 c,
449 2922 553 2978 Reiske
608 2930 624 2978 3
645 2923 869 2994 συγχωροῦμενοι
883 2924 906 2979 Ο
921 2941 990 2981 corr.
1004 2925 1108 2981 Reiske

93 2993 182 3057 4τδις
204 2990 327 3064 ἐμαυτοῦ
351 2995 374 3050 O
411 2992 462 3056 τὰς
484 2991 548 3048 κατ’
570 2989 691 3064 ἐμαυτοῦ
718 2993 806 3050 Cobet
829 2995 894 3051 Obs.
918 3015 945 3066 p.
967 3002 1017 3051 125
1091 3002 1107 3050 5

94 3063 288 3135 ἀπολυόμενος
310 3081 333 3120 ο,
357 3065 522 3119 dubitanter
544 3063 689 3135 Kiessling
779 3073 795 3121 6
818 3067 992 3136 χαλεπότητα
1016 3066 1107 3121 καλΟ

92 3140 223 3206 χαλεπῶν
241 3155 271 3191 τε
290 3152 313 3191 ο.
331 3135 476 3206 Kiessling
527 3143 559 3191 11
578 3136 633 3191 ὑπὸ
652 3135 675 3190 0
712 3136 768 3191 ἀπὸ
787 3136 882 3207 Tegge
902 3138 937 3192 de
955 3154 1007 3191 usu
1025 3151 1108 3204 prae-

92 3224 154 3276 ροε.
174 3224 201 3275 p.
221 3213 255 3262 24
292 3207 370 3279 παρὰ
388 3206 526 3262 Bfioheler
600 3213 632 3261 12
651 3209 841 3279 δημοκρατίας
860 3209 914 3262 δελ.
934 3206 1022 3261 Cobet
1041 3206 1106 3260 obs.

92 3283 189 3347 p.125
245 3284 279 3333 13
298 3278 507 3349 όλογαρχίανΒ
545 3277 705 3350 ὀλιγαρχίας
722 3277 748 3331 R
763 3282 767 3349 Ι
783 3282 872 3348 θηται
891 3284 915 3332 Α
950 3279 1044 3330 θ....
1061 3276 1108 3331 Ba

93 3353 193 3404 θεῖναι
216 3348 332 3416 θελήσει
353 3348 427 3404 Bbc
508 3355 541 3403 15
561 3349 737 3420 δικαιότερον
761 3350 836 3422 αὐτῷ
855 3365 878 3402 c.
897 3346 1000 3400 Reiske
1074 3353 1107 3401 19

93 3421 237 3483 πολιτείας
255 3419 302 3474 Bb
375 3427 408 3474 21
429 3421 512 3484 αὐτὸς
529 3421 554 3474 Α
592 3417 672 3484 οὗτος
689 3421 712 3473 Β
