2414 3840
487 188 650 238 -Ε-
1015 182 1078 248 173

78 346 245 432 λδγονίναι,
269 349 333 415 δύο
357 343 420 433 μεν
443 345 476 426 ἐξ
500 346 610 413 αὐτῶν
624 342 792 431 Ἑρμίνιός
809 369 845 411 τε
863 343 920 411 καὶ
933 344 1079 431 Λάρκιος

86 440 324 541 λυφθαρμένων
351 454 465 532 αὐτοῖς
491 455 556 539 ἤδη
579 464 647 519 τῶν
670 455 920 539 σκεπαστηρίων
944 453 1000 519 ἀιά
1022 454 1080 530 τὰς

18 579 20 605 ³
88 567 213 646 λθεγείς
235 561 364 644 πληγὰς
386 560 578 647 ἀνεχώρουν
597 558 651 624 ἐπὶ
668 561 764 625 πόδα.
805 560 946 646 Οράτιος
964 556 1002 625 δέ
1020 561 1079 643 μό-

18 659 20 694 ³
85 683 126 743 νος
152 666 435 751 ἀνακαλουμένων
465 667 569 732 αὐτὸν
601 666 665 732 ἀπὸ
697 676 755 750 τῆς
785 670 912 745 πόλεως
943 679 1010 733 τῶν
1038 663 1075 732 θ’

82 768 198 839 ὑπάτων
221 769 368 839 καὶτῶν
390 774 502 839 ἀλλων
524 778 670 839 πολιτῶν
692 770 748 838 καὶ
770 771 846 859 περὶ
866 776 989 851 παντὸς
1006 794 1106 839 ποι-ε

18 906 21 969 ?
77 877 217 964 ουμίνων
240 885 394 963 σωθῆναι
416 889 571 946 τοιοῦτον
594 881 703 963 ἀνδρα
724 888 764 964 τῇ
784 881 919 965 πατρίδι
937 880 992 946 καὶ
1010 892 1080 957 τοῖς

71 984 274 1072 γειναμένοις
292 985 354 1051 οὐκ
371 985 521 1069 ἐπείσθη,
546 980 618 1052 ἀλλ’
640 988 768 1070 ἔμενεν,
787 989 873 1050 ἔνθα
890 987 928 1051 τὸ
947 997 1080 1070 πρῶτον

67 1095 156 1177 ἔστη,
188 1092 349 1169 κελεύσας
379 1103 450 1170 τοϊς
476 1090 552 1177 περὶ
578 1093 639 1157 τὸν
662 1087 834 1177 Ἑρμίνιον
861 1089 970 1174 λέγειν
998 1091 1081 1175 πρὸς

63 1201 142 1277 τούς
167 1199 332 1282 ὑπάτους,
360 1200 405 1277 ὡς
432 1200 537 1264 αὐτοῦ
563 1199 769 1284 φράσαντος,
797 1199 997 1265 ἀποκόπτειν
1020 1198 1081 1282 την

61 1304 217 1392 γέφυραν
245 1305 310 1372 ἀπὸ
340 1314 398 1390 τῆς
423 1308 551 1382 πόλεως
578 1305 615 1371 ἐν
642 1306 747 1390 τάχει·
787 1302 830 1390 ἦν
859 1302 896 1372 δὲ
923 1308 982 1390 μία
1007 1298 1077 1369 κατ’
1095 1329 1121 1368 ιο

61 1411 214 1489 ἐιιείνους
240 1415 320 1489 τοὺς
341 1415 484 1499 χρόνους
507 1412 734 1498 ξυλόφρακτος
758 1414 839 1479 ἀνευ
862 1415 1004 1499 σιδήρου
1028 1414 1081 1477 δε-

61 1517 187 1603 δεμένη
210 1529 283 1596 ταῖς
301 1522 436 1585 σανίσιν
455 1520 581 1602 αύτιιίς,
604 1519 647 1603 ἣν
665 1518 721 1584 καὶ
740 1519 852 1605 μέχρις
870 1519 952 1604 ἐμοῦ
969 1519 1082 1585 τοιαύ-

60 1647 125 1708 την
148 1624 356 1709 φυλάττουσι
369 1626 536 1711 Ῥωμαϊοι·
565 1625 744 1692 ἐπιστεῖλαι
763 1625 801 1691 δὲ
818 1638 888 1703 τοῖς
906 1626 1080 1711 ἀνδράσιν,

61 1732 147 1797 ὅταν
173 1734 215 1797 τὰ
240 1736 343 1798 πλείω
370 1743 427 1818 τῆς
454 1733 604 1818 γεφύρας
632 1738 722 1817 λυθῇ
747 1730 808 1797 καλ
825 1735 933 1817 βραχὺ
955 1733 993 1797 τὸ
1017 1736 1082 1795 λει-

61 1840 214 1922 πόμενον
235 1829 257 1924 ᾖ
281 1836 390 1925 μέρος,
415 1839 542 1924 φράσαι
563 1840 647 1923 πρὸς
665 1838 768 1904 αὐτὸν
787 1841 936 1921 σημείοις
952 1834 1042 1901 τισὶν
1060 1835 1081 1919 ἣ
1096 1859 1121 1900 ιε

62 1953 164 2030 φωνῇ
193 1946 415 2034 γεγωνοτέρᾳ·
451 1949 491 2012 τὰ
521 1946 620 2011 λοιπά
650 1944 757 2028 λέγων
784 1944 889 2034 ἑαυτρό
918 1947 1080 2029 μελήσειν.

62 2045 158 2116 ταῦτ’
186 2052 479 2137 ἐπικελευσάμενος
510 2062 580 2128 τοῖς
613 2049 712 2117 δυσὶν
744 2048 793 2118 ἐπ’
821 2052 922 2135 αὐτῆς
954 2051 1117 2119 ἴσταται2

62 2165 122 2241 τῆς
153 2159 304 2245 γεφύρας
329 2158 386 2224 καλ
412 2170 481 2224 τῶν
508 2159 610 2242 ὁμόσε
637 2160 838 2245 χωρούντων
866 2157 925 2235 οὓς
952 2153 1013 2242 μὲν
1035 2164 1081 2244 τῷ

18 2263 155 2347 ιοοξίφει
185 2269 312 2348 παίων,
345 2265 404 2342 οὓς
437 2261 474 2331 δὲ
505 2273 551 2353 τςθ
582 2271 696 2353 θυρεῷ
724 2264 930 2351 περιτρέπων
958 2264 1083 2339 πάντας

64 2367 234 2436 ἀνέστειλε
260 2374 340 2449 τοὺς
368 2372 577 2458 ὁρμήσαντας
604 2371 657 2438 ἐπὶ
685 2372 747 2456 την
770 2371 935 2457 γέφυραν·
974 2369 1083 2436 οὐκέτι
1096 2393 1122 2432 ιο

63 2477 129 2562 γάρ
154 2478 201 2554 είς
224 2488 336 2564 χεῖρας
359 2478 448 2567 αὐτῷ
472 2489 592 2564 χωρεῖν
616 2479 764 2563 ἐτόλμων
788 2479 824 2544 οί
844 2479 1020 2555 διώκοντες
1039 2477 1083 2555 ῶς

64 2586 228 2667 μεμηνότι
256 2584 312 2650 καὶ
337 2592 541 2652 θανατῶντι·
577 2584 633 2651 καὶ
656 2587 722 2670 ἅμα
746 2583 826 2651 ούόέ
849 2582 970 2673 ῥᾴδιον
993 2586 1082 2676 αὐτῷ

64 2696 270 2774 προσελθεῖν
283 2692 434 2778 ὑπάρχον
449 2691 482 2771 ἐξ
497 2692 681 2776 εὐωνύμων
695 2689 756 2776 μὲν
771 2691 826 2758 καλ
840 2692 959 2771 δεξιῶν
973 2695 1083 2778 ἔχοντι

64 2798 244 2882 πρόβλημα
274 2799 334 2864 τὸν
365 2801 529 2883 ποταμόν,
563 2791 600 2864 ἐκ
632 2796 669 2864 δὲ
701 2808 762 2865 τοῦ
793 2801 876 2865 κατὰ
902 2803 1084 2886 πρόσωπον

64 2904 180 2969 ὅπλων
212 2926 248 2969 τε
276 2903 332 2969 καὶ
360 2917 488 2991 νεκρῶν
517 2909 641 2992 σωρόν·
683 2900 754 2970 ἀλλ’
782 2909 919 2972 ἀπωθεν
947 2906 1083 2985 ἑστῶτες
1097 2926 1123 2966 2⁵

63 3010 191 3096 ἀθρόοι
218 3013 353 3096 λόγχαις
378 3035 414 3076 τε
440 3010 496 3077 καὶ
524 3015 675 3089 σαυνίοις
697 3010 754 3076 καὶ
776 3016 887 3090 λίθοις
909 3021 1083 3101 χειροπλη-

64 3247 98 3296 13
123 3163 341 3295 ἐίτιάἐέιλάλνθο
348 3305 358 3328 θ
365 3169 533 3304 mm?
543 3168 724 3295 cqoffisffl
735 3171 922 3297 ἐίίὲἀίελίέπά.
932 3170 1084 3294 REI-1233}

63 3317 98 3366 15
119 3311 209 3366 αύτὸν
228 3310 306 3364 ABb
344 3311 445 3366 ταυτὸν
464 3311 510 3365 Ba
563 3318 598 3366 20
618 3311 762 3367 ἀνέστελλε
782 3331 804 3367 ο.
819 3311 1082 3380 GraebergerTess.

61 3382 183 3452 Herbip.
203 3399 230 3451 p.
246 3387 281 3437 24
353 3389 385 3436 21
406 3382 473 3455 γὰρ]
493 3381 540 3452 ἀρ’
558 3400 579 3439 ο.
600 3383 746 3453 Kiessling
763 3383 808 3438 Pr.
827 3383 890 3436 Bas.
909 3399 936 3448 p.
955 3386 987 3434 14
1049 3383 1083 3431 22

58 3454 174 3510 ούτεΟ
212 3450 279 3508 ούὸἐ
298 3452 401 3507 Reiske
