2414 3840
575 167 734 219 „5-

146 325 347 409 ἀνέστρεψεν
375 329 423 403 είς
449 327 511 410 την
538 330 637 391 πόλιν
660 326 816 411 ἐκπρεπεῖ
835 327 993 413 θριάμβῳ
1016 327 1158 411 κοσμού

145 458 246 519 μενος
272 434 385 498 ὅπλων
411 457 447 497 τε
475 434 587 516 σωρὸν
615 430 668 516 ἐφ’
690 431 828 517 ἀμάξαις
854 437 993 508 πολλαῖς
1015 436 1158 516 κομίζων

145 538 200 605 καὶ
241 540 418 624 χρημάτων
454 550 699 622 στρατιωτικῶν
734 539 945 622 παρασκευάς
981 537 1159 622 ἀφθόνους

146 646 327 730 εἰσφέρων,
353 644 409 710 καὶ
433 649 513 722 τοὺς
535 646 676 722 ἁλόντας
699 645 736 711 ἐν
758 654 798 730 τη
821 646 908 730 μάχη
931 649 1159 711 πεντακοσίων

119 750 349 828 εάποδέοντας
372 750 611 836 ἑξακισχιλίους
629 752 839 836 ἐπαγόμενος.
876 751 939 816 ἀπὸ
959 746 996 816 δέ
1015 761 1086 816 τῶν
1105 756 1159 817 λα-

146 858 266 940 φύρων
293 857 484 943 ἐξελόμενος
505 860 564 935 τδις
587 858 724 935 δεκάτας
747 858 877 941 ἀγῶνάς
898 880 933 923 τε
957 855 1013 922 καὶ
1036 861 1160 934 θυσίας

144 973 215 1038 τοῖς
231 969 326 1040 θεοῖς
344 963 408 1028 ἀπὸ
426 965 666 1047 τετταράκοντα
684 963 856 1029 ταλάντων
874 961 978 1028 ἐποίει
996 960 1053 1027 καὶ
1067 974 1159 1028 ναῶν

144 1072 347 1147 κατασκευὰς
366 1069 568 1155 ἐξεμίσθωσε
582 1072 736 1154 Δήμητρι
750 1067 805 1134 καί
818 1070 978 1155 Διονύσῳ
992 1066 1050 1134 καλ
1064 1071 1158 1154 Κόρη

110 1173 215 1242 3κατ’
242 1177 352 1262 εύχην.
398 1177 580 1242 ἐσπάνισαν
610 1178 673 1261 γάρ
704 1177 742 1242 αί
767 1173 890 1261 τροφαὶ
919 1184 980 1240 τοῦ
1010 1174 1160 1259 πολέμου

106 1303 132 1340 1⁰
145 1279 216 1347 κατ’
238 1283 341 1368 ἀρχάς
363 1281 418 1347 καὶ
440 1285 548 1348 πολὺν
571 1283 685 1358 αὐτοῖς
707 1280 874 1366 παρέσχον
897 1284 1008 1366 φόβον
1027 1281 1074 1357 ῶς
1092 1280 1159 1347 ἐπι-

145 1393 336 1472 λείψουσαι,
368 1397 427 1472 της
457 1411 492 1453 τε
524 1397 585 1472 γῆς
617 1388 768 1472 ἀκάρπου
799 1386 981 1472 γενομένης
1013 1384 1071 1451 καλ
1102 1395 1205 1470 τηςεοι

145 1495 272 1573 ἔξωθεν
295 1494 419 1579 ἀγοράς
442 1493 553 1560 ούκέτι
575 1493 880 1579 παρακομιζομένης
904 1495 961 1557 διά
983 1495 1045 1558 τὸν
1064 1496 1160 1559 πόλε-

145 1624 219 1684 μον.
261 1603 317 1665 διδ
343 1610 442 1665 τοῦτο
470 1601 507 1664 τὸ
537 1599 612 1676 δέος
634 1598 889 1678 ἀνασκέψασθαι
912 1599 952 1663 τά
974 1599 1159 1682 Σιβύλλεια

144 1709 224 1784 τοὺς
247 1708 397 1790 φύλακας
420 1707 531 1772 αὐτῶν
550 1706 708 1783 κελεύσας
726 1706 771 1782 ὡς
789 1709 926 1790 ἔμαθεν,
950 1705 1001 1769 ὅτι
1019 1706 1160 1781 τούτους

105 1831 130 1871 15
145 1813 362 1891 ἐξιλάσασθαι
384 1815 462 1890 τοὺς
484 1815 587 1889 θεοὺς
611 1813 646 1876 οί
665 1809 808 1896 χρησμοὶ
829 1812 1036 1893 κελεύουσιν,
1062 1811 1160 1895 εύχάς

145 1920 258 1996 αὐτοῖς
290 1918 467 2002 ἐποιήσατο
499 1918 629 2002 μέλλων
662 1917 790 2001 ἐξάγειν
821 1920 880 1983 τὸν
908 1920 1068 2001 στρατόν,
1101 1917 1159 1983 ἐάν

144 2025 297 2108 εὐετηρία
320 2025 455 2109 γένηται
477 2027 559 2089 κατά
581 2025 643 2107 την
665 2027 764 2090 πόλιν
787 2023 841 2090 ἐπλ
862 2033 921 2106 της
939 2026 1027 2100 ἰδίας
1045 2023 1158 2109 ἀρχῆς,

145 2133 199 2196 οἵα
222 2134 384 2216 πρότερον
407 2127 465 2213 ἦν,
494 2132 597 2206 ναούς
619 2127 648 2193 τ’
675 2129 789 2206 αὐτοῖς
810 2129 1082 2212 καθιδρύσεσθαι
1104 2126 1158 2194 καὶ

109 2239 268 2314 4θυσίας
293 2239 559 2320 καταστήσεσθαι
587 2234 667 2301 καθ’
691 2236 830 2300 ἕκαστον
854 2235 1018 2300 ἐνιαυτόν.
1067 2235 1103 2301 οί
1124 2233 1154 2299 δ’

104 2363 131 2401 2⁰
144 2345 393 2421 ὑπακούσαντες
415 2346 477 2427 την
498 2367 533 2409 τε
556 2352 620 2426 γῆν
638 2343 888 2427 παρεσκεύασαν
907 2340 1037 2405 ἀνεῖναι
1056 2347 1159 2407 πλου-

144 2455 238 2528 σίους
260 2452 417 2535 καρπούς,
443 2451 484 2515 ού
507 2453 614 2534 μόνον
635 2451 697 2532 τὴν
720 2451 895 2533 σπόριμον,
919 2446 1004 2512 ἀλλά
1022 2445 1079 2512 καλ
1097 2448 1158 2531 τὴν

144 2558 388 2642 δενδροφόρον,
411 2555 466 2622 καὶ
488 2557 546 2632 τάς
569 2554 781 2631 ἐπεισάκτους
799 2554 923 2637 ἀγοράς
941 2553 1072 2630 ἁπάσας
1090 2553 1158 2619 ἐπι-

142 2664 262 2727 κλύσαι
290 2668 416 2747 μᾶλλον
443 2662 464 2746 ἢ
492 2665 669 2746 πρότερον·
702 2662 784 2744 άπερ
808 2659 898 2744 ὀρῶν
922 2659 1022 2736 αὐτὸς
1046 2659 1064 2724 ὁ
1089 2665 1158 2724 Πο-

144 2770 278 2851 στόμιος
301 2768 487 2853 ἐψηφίσατο
511 2770 568 2843 τάς
590 2778 657 2832 τῶν
680 2777 772 2832 ναῶν
794 2767 923 2830 τούτων
943 2766 1158 2841 κατασκευάς.

103 2868 292 2957 ῶῬωμαϊοι
319 2873 380 2959 μὲν
404 2877 445 2959 δη
468 2876 528 2940 τὸν
550 2874 752 2958 τυραννικὸν
775 2871 985 2955 ἀπωσάμενοι
1009 2873 1158 2956 πόλεμον

144 2979 259 3067 εύνοίηι
281 2987 374 3048 θεῶν
398 2981 434 3047 ἐν
458 2980 587 3066 ἑορταῖς
609 3005 644 3045 τε
666 2978 722 3045 καὶ
745 2980 881 3055 θυσίαις
903 2973 1000 3060 ἦσαν.

216 3133 388 3207 Ῑέκπρεπεῖ
402 3137 428 3190 Α
464 3137 641 3226 εόπρεπεῑΒ
714 3142 747 3190 10
766 3131 910 3224 ἐπιλεζψαι
932 3133 1015 3187 ΑΒΕ
1054 3128 1158 3188 ἐπιλεί-

142 3208 446 3348 λλῖἔλιλάἀεεξ
460 3203 618 3332 {W
631 3205 971 3347 λάηφιίλθλῗίςι
991 3204 1157 3344 ἀλλύλλ

141 3371 197 3406 των
215 3351 262 3404 Ba
297 3348 402 3423 το<τε>
420 3348 465 3402 Bb
501 3346 563 3403 τότε
581 3348 608 3401 Α
679 3357 713 3404 25
733 3349 782 3403 τὸν
802 3365 854 3402 om.
873 3346 896 3399 B
913 3353 917 3418 Ι
934 3345 1022 3408 οὕτως
1041 3344 1157 3400 ἀπωσά-

141 3441 222 3490 μενοι
240 3438 263 3476 ο.
282 3420 386 3474 Reiske
458 3425 493 3474 26
511 3439 540 3474 τε
560 3419 655 3473 om.B
