2414 3840
493 211 526 220 -
561 182 586 233 Ε
623 212 655 220 --
1020 181 1083 246 149

79 339 213 424 ἐγένετο,
242 342 390 418 καθίσας
416 339 469 406 ἐπὶ
491 341 529 405 τὸ
552 344 640 426 βῆμα
662 338 718 407 καὶ
741 343 798 418 τάς
821 342 995 419 ἐπιστολάς
1016 354 1085 408 τῶν

76 444 159 532 ὀντῆ
177 449 376 534 συνωμοσίᾳ
396 448 681 532 διασκεπτόμενος,
701 447 746 524 ὡς
764 443 840 534 εὗρε
858 449 916 524 τάς
933 447 999 513 ὑπὸ
1018 460 1085 515 τῶν

74 553 150 618 υίῶν
167 556 356 639 γραφείσας
375 565 448 630 ταῖς
465 563 648 640 σφραγῖσιν
668 553 825 641 ἑκατέραν
843 557 1011 641 γνωρίσας
1029 553 1084 620 καὶ

72 662 145 744 μετὰ
172 660 212 724 τὸ
241 664 341 725 λῦσαι
367 661 408 725 τά
430 671 548 745 σημεῖα
571 670 641 737 τοϊς
662 662 912 748 χειρογράφοις,
937 662 1084 747 ἀναγνω-

72 771 193 849 σθῆναι
216 776 352 852 πρῶτον
373 764 545 832 ἐκέλευσεν
568 766 756 853 ἀμφοτέρας
773 768 838 833 ὑπὸ
857 779 917 834 τοῦ
935 786 1111 856 γράμμα-5

71 871 149 948 τέως
176 872 226 948 είς
253 872 315 955 τῆν
343 871 499 937 ἁπάντων
526 883 594 938 τῶν
616 876 793 959 παρόντων
817 873 936 956 ἀκοήν·
973 879 1084 941 ἔπειτα

71 975 178 1060 λέγειν
208 975 358 1044 ἐκέλευσε
385 987 455 1055 τοϊς
481 982 612 1062 παισίν,
645 986 680 1045 εί
698 1003 729 1045 τι
752 980 939 1064 βούλονται.
982 982 1026 1057 ὡς
1050 979 1119 1046 δ’3

71 1082 129 1148 οὐκ
154 1082 338 1168 ἐτόλμησεν
361 1084 473 1150 αὐτῶν
496 1083 671 1171 οὐδέτερος
692 1088 776 1172 πρὸς
798 1089 940 1172 ἄρνησιν
963 1085 1084 1170 ἀναιδῆ

70 1187 266 1274 τραπέσθαι,
290 1189 372 1254 ἀλλά
394 1193 655 1275 κατεψηφικότες
678 1191 805 1257 ἑαυτῶν
826 1195 959 1257 ἔκλαιον
978 1191 1085 1277 ἀμφό-

70 1319 168 1382 τεροι,
192 1296 310 1379 ὀλίγον
333 1291 364 1361 δ’
381 1295 525 1380 ἐπισχὼν
547 1301 671 1383 χρόνον
691 1298 863 1364 ἀνίσταται
880 1297 936 1364 καὶ
955 1301 1085 1383 σιωπὴν
1099 1319 1125 1358 10

70 1401 279 1488 προκηρύξας
311 1401 537 1487 ἐκδεχομένων
570 1403 740 1489 ἁπάντων,
772 1407 808 1470 τί
834 1404 927 1483 τέλος
954 1404 1083 1489 ἐξοίσει,

70 1509 221 1575 θάνατον
244 1512 309 1594 ἔφη
332 1508 559 1589 καταδικάζειν
581 1521 648 1576 τῶν
670 1510 809 1577 τέκνων·
839 1510 892 1596 ἐφ’
915 1504 941 1600 ᾧ
965 1513 1085 1590 πάντες

10 1614 256 1702 ῧθὶάνέκραγον
283 1617 346 1682 οὐκ
372 1616 541 1696 ἀξιοῦντες
567 1627 722 1684 τοιοῦτον
747 1620 854 1704 ἀνδρα
878 1622 1084 1703 ζημιωθῆναι

71 1720 195 1788 τέκνων
218 1723 355 1811 θανάτῳ
377 1720 433 1788 καὶ
456 1726 650 1808 χαρίζεσθαι
672 1725 730 1800 τάς
752 1725 859 1808 ψυχάς
882 1734 949 1789 τῶν
973 1748 1084 1808 μειρα-

71 1830 151 1893 κίων
173 1827 355 1912 ἐβούλοντο
373 1837 419 1917 τῷ
438 1833 545 1916 πατρί
583 1830 601 1895 ὀ
621 1829 651 1895 δ’
671 1831 747 1896 οὔτε
765 1831 822 1906 τάς
841 1831 956 1914 φωνάς
975 1812 1124 1924 αὐτῶνῇ

72 1934 145 1999 οότε
167 1935 228 2012 τὰς
246 1936 391 2020 οίμωγδις
409 1935 634 2020 ἀνασχόμενος
653 1934 802 2003 ἐκέλευσε
820 1948 889 2013 τοῖς
907 1934 1085 2023 ὑπηρέταις

73 2039 210 2124 ἀπάγειν
241 2042 320 2118 τοὺς
346 2044 543 2119 νεανίσκους
570 2040 843 2128 ὀλοφυρομένους
870 2040 925 2108 καὶ
954 2042 1084 2127 ἀντιβο-

73 2151 212 2224 λοῦντας
248 2146 304 2212 καὶ
339 2157 411 2225 ταῖς
447 2148 619 2232 φιλτάταις
656 2149 759 2214 αὐτὸν
793 2148 1085 2233 ἀνακαλουμένους

71 2254 316 2340 προσηγορίαις.
353 2255 551 2338 θαυμαστὸν
573 2251 634 2339 μὲν
657 2253 833 2322 καὶτοῦτο
856 2264 957 2320 πᾶσιν
977 2253 1084 2339 ἐφάνη

72 2361 103 2425 τό
131 2356 242 2444 μηδεν
269 2359 428 2425 ἐνδοῦναι
454 2361 514 2425 τὸν
537 2361 644 2447 ἀνδρα
667 2363 746 2445 μήτε
770 2363 853 2447 πρὸς
875 2363 933 2438 τάς
957 2362 1086 2444 δεήσεις
1100 2380 1125 2420 20

71 2476 134 2533 τῶν
171 2470 318 2531 πολιτῶν
355 2468 435 2551 μήτε
466 2467 549 2550 πρὸς
579 2469 658 2544 τοὺς
690 2473 821 2544 οίκτους
852 2478 919 2533 τῶν
950 2464 1085 2552 τέκτων,

70 2577 180 2660 πολλῷ
211 2568 241 2636 δ’
264 2574 313 2637 ἐτι
339 2571 461 2637 τοότου
490 2574 769 2660 θαυμασιώτερον
796 2574 833 2639 τὸ
861 2571 935 2659 περὶ
958 2574 1016 2651 τάς
1039 2598 1085 2639 τι-

68 2679 198 2764 μωρίας
218 2678 330 2744 αότῶυ
354 2678 551 2764 ἀμείλικτον.
589 2680 750 2767 οὔτεγὰρ
773 2682 898 2746 ἄλλοθί
917 2702 983 2747 που
1006 2684 1121 2748 συν-5

68 2785 238 2870 εχώρησεν
270 2784 479 2870 ἀπαχθέντας
511 2788 589 2863 τοὺς
620 2787 717 2864 υίοὺς
748 2786 809 2866 ἐξω
841 2797 898 2871 τῆς
930 2787 1086 2854 ἁπάντων

70 2892 179 2970 ὄψεως
202 2890 399 2976 ἀποθανεῖν,
423 2889 496 2958 οὔτ’
524 2892 623 2969 αὐτὸς
646 2892 682 2958 ἐκ
700 2901 758 2976 τῆς
776 2893 898 2979 ἀγορᾶς
916 2894 1085 2979 ὑπανεχώ-
1099 2909 1126 2954 υ

140 3015 350 3084 2πυνωμοσίαι
367 3013 391 3066 Β
471 3022 487 3069 3
507 3013 556 3069 καὶ
575 3013 630 3069 del.
649 3015 753 3070 Reiske
829 3021 847 3068 4
864 3022 923 3078 τοῖς
940 3015 1086 3086 χειρογρά-

71 3103 134 3154 φοις
153 3083 209 3138 del.
228 3082 332 3138 Reiske
406 3082 588 3155 ὀάμφότερα
605 3085 658 3139 ΑΒ
728 3085 943 3156 9*τραπε’σθαι
962 3099 1086 3155 κατεψη-

92 3152 227 3217 ικότεςΒ
272 3153 434 3225 τραπέσθαι
455 3154 544 3210 πάλαι
567 3176 592 3210 ιι.
616 3156 641 3208 R
685 3154 845 3227 τραπέσθαι
863 3157 933 3211 ἀλλὰ
956 3178 981 3212 τ.
1006 3172 1058 3224 ego
1080 3156 1083 3224 λ

70 3175 184 3281 glannav
206 3223 236 3279 δ’
253 3224 417 3297 ἀμφότεροι,
436 3225 530 3296 ὀλίγον
550 3223 670 3296 ἐπισχὼν
689 3244 712 3282 ο.
730 3227 834 3282 Reiske
912 3235 944 3282 19
963 3225 1015 3295 μὲν
1034 3222 1085 3279 οὖν

70 3312 91 3351 ο.
110 3296 217 3352 Reiske
233 3300 237 3362 Ι
254 3305 336 3352 τοῦτο
359 3298 465 3353 ἅπασιν
486 3298 508 3352 O
581 3304 616 3353 23
635 3296 733 3353 άλλοσέ
756 3317 806 3352 ποι
825 3316 847 3352 ο.
866 3296 996 3352 ΗστλΙοίιτ
1013 3293 1086 3346 Her-

69 3383 127 3423 mes
146 3367 173 3422 X
186 3373 239 3423 412
259 3366 349 3424 cobet
363 3367 428 3423 Obs.
443 3387 469 3437 p.
485 3375 519 3423 96
575 3375 609 3425 25
622 3369 822 3440 παρεχώρησεν
836 3368 912 3422 ABb
939 3362 1085 3431 ὑπανεχώ-

71 3456 154 3508 ρησεν
174 3455 243 3494 οοττ.
262 3455 298 3495 ex
315 3438 515 3510 παρεχώρησεν
532 3438 580 3494 Ba
