2414 3840
119 170 163 234 64
547 173 709 221 -Δ-

119 357 192 411 νοις
218 333 360 418 ὕστερον
389 333 498 417 ὥσπερ
526 329 562 396 ἐκ
589 341 716 417 μακρᾶς
744 331 916 416 ἀνανήψας
940 330 1047 415 με’θης
1069 339 1139 399 νῦν

82 441 209 524 δῆκεις
231 463 296 525 μου
319 448 514 523 κατηγορῶν
536 436 592 503 καὶ
615 435 695 503 οὐδὲ
713 447 788 520 νῦν,
812 439 897 504 ὅπου
917 438 977 502 δεῖ.
1010 437 1052 502 οὐ
1071 440 1139 524 γάρ

120 546 242 613 ἐνθάδε
272 561 326 612 σοι
353 553 456 610 ταῦτα
482 547 641 630 προσήκει
670 543 790 627 λέγειν·
828 542 884 610 καὶ
907 540 1012 629 μηδὲν
1035 544 1141 629 ἀχθε-

120 651 227 738 σθῆτέ
255 676 312 737 μοι
343 660 446 717 ταῦτα
478 649 625 735 λέγοντι,
659 646 684 715 ὦ
718 655 839 735 βουλή·
876 650 917 715 οὐ
946 652 1011 736 γάρ
1039 650 1140 735 ὑμῶν

93 759 368 845 εάιγαιροόμενος
390 760 452 843 τὴν
477 759 675 841 διάγνωσιν,
700 758 783 823 ἀλλά
805 758 868 840 τὴν
890 758 1013 824 τούτου
1036 775 1140 825 συκο-

120 869 264 951 φαντίαν
287 864 516 943 ἐπιδείξασθαι
538 867 743 948 βουλόμενος
765 873 868 930 ταῦτα
890 863 990 946 λέγω·
1022 877 1195 951 apost-730

119 975 225 1039 πόντα
249 971 288 1038 δέ
308 968 361 1056 <σ’
379 972 468 1056 ἔδει>
492 995 549 1056 μοι
571 973 630 1036 τὸν
655 972 761 1056 δῆμον
785 973 831 1048 είς
855 968 1031 1055 ἐκκλησίαν
1056 989 1141 1039 συν-

120 1090 257 1164 αγαγεϊν
289 1078 385 1144 κάκεῖ
409 1102 474 1164 μου
500 1089 706 1164 κατηγορεῖν.
751 1077 839 1160 πλὴν
867 1075 937 1142 ἐπεὶ
965 1079 1008 1142 σὺ
1035 1087 1141 1145 τοῦτο

119 1184 303 1270 πέφευγας,
334 1185 397 1269 ἐγὼ
425 1183 502 1270 περὶ
529 1194 592 1250 σοῦ
619 1187 747 1268 ποιήσω
770 1183 825 1249 καὶ
848 1182 1055 1267 συγκαλέσας
1077 1186 1140 1252 τὸν

81 1315 108 1353 10
124 1294 230 1376 δῆμον
258 1290 444 1377 παρέξομαί
473 1307 528 1356 σοι
561 1292 720 1376 δικαστὴν
753 1286 801 1356 ὧν
833 1291 875 1356 ἀν
903 1315 969 1376 μου
996 1314 1140 1376 κατηγο·

122 1401 241 1484 ρήσης,
265 1396 320 1464 καὶ
348 1397 510 1462 ἀποδώσω
534 1399 635 1463 πόλιν
659 1397 748 1486 αὐτῷ
773 1398 967 1481 διαγνῶναι,
996 1398 1140 1483 πότερος

122 1506 216 1589 ἡμῶν
239 1504 498 1588 ἐπιτηδειότερός
521 1503 611 1569 ἐστιν
634 1507 721 1589 ἔχειν
744 1506 805 1588 τὴν
829 1504 948 1590 ἀρχήν·
980 1500 1035 1569 καὶ
1063 1505 1082 1570 ὅ
1105 1528 1140 1569 τι

122 1609 164 1676 ἀν
194 1612 335 1688 ἀπαντες
358 1605 452 1675 οὗτοι
474 1622 579 1693 γνῶσι
602 1611 757 1696 πράττειν
780 1635 820 1694 με
842 1611 974 1695 <δεῖν>,
996 1614 1139 1695 ποιήσω.

86 1717 176 1786 4καὶ
203 1720 286 1806 πρὸς
314 1715 375 1802 μὲν
404 1713 484 1801 <σδ>
508 1712 607 1782 ταῦθ’
630 1718 739 1783 ίκανά·
774 1717 809 1782 ἐν
833 1723 894 1804 ἴσῳ
917 1717 981 1803 γάρ
1005 1716 1076 1782 ἐστι
1099 1720 1140 1783 τό

81 1845 107 1885 15
121 1848 156 1891 τε
178 1827 286 1890 πολλὰ
310 1826 421 1890 δίκαια
444 1824 527 1910 πρὸς
549 1825 628 1900 τοὺς
651 1823 848 1908 ἀγνώμονας
871 1823 1064 1901 ἀντιδίκους
1085 1823 1141 1890 λέ-

121 1956 194 2014 γειν
217 1929 272 1996 καὶ
299 1933 336 1996 τὸ
365 1931 475 2015 ὀλίγα·
513 1933 550 1996 τὸ
574 1932 637 2016 γάρ
660 1941 778 1996 πεῖσον
802 1931 923 2006 αὐτοὺς
946 1925 1033 1996 εἶναι
1056 1955 1140 2017 χρη-

122 2041 221 2116 στοὺς
244 2038 286 2103 οὐ
308 2037 476 2122 πεφύκασι
498 2034 615 2121 φέρειν
639 2038 674 2101 οῖ
694 2039 797 2121 λόγοι.

188 2144 337 2210 XXXVI.
348 2139 454 2228 ‘wi
469 2139 505 2208 δὲ
515 2143 718 2227 τεθαύμακα,
733 2142 860 2220 εῖτινίς
870 2145 965 2226 εἰσιν,
981 2138 1188 2228 ὦβουλη,731

122 2262 180 2338 τῆς
202 2251 304 2338 ἀρχῆς
326 2275 366 2335 με
390 2249 572 2328 ἀπαλλάξαι
595 2251 809 2335 βουλόμενοι,
832 2247 887 2315 καὶ
910 2251 991 2334 μετά
1012 2251 1139 2318 τούτου

82 2379 110 2418 2⁰
123 2359 360 2442 συνεστηκότες
388 2351 437 2422 ἐπ’
469 2355 556 2442 ἐμοί·
592 2355 699 2439 ἡδέως
727 2353 757 2421 δ’
785 2355 827 2421 ἀν
854 2358 1029 2440 πυθοίμην
1054 2355 1134 2442 παρ’

123 2467 244 2549 αὐτῶν,
268 2468 360 2540 τίνος
382 2463 583 2547 ἀδικήματος
605 2461 701 2527 ἕνεκα
724 2464 908 2545 πολεμοῦσί
928 2486 986 2546 μοι
1008 2461 1064 2528 καὶ
1083 2463 1139 2530 ἐπὶ

122 2576 189 2637 τίνι
212 2580 279 2637 τῶν
299 2569 387 2654 ἐμῶν
407 2572 515 2654 ἔργων
533 2569 729 2654 ἀχθόμενοι·
761 2571 902 2653 πότερον
921 2569 972 2634 ὅτι
989 2573 1139 2648 πολλοὺς

124 2685 236 2754 ἴσασιν
260 2674 313 2743 ἐπὶ
336 2685 393 2760 τῆς
417 2676 495 2760 ε’μης
516 2675 617 2761 ἀρχῆς
636 2675 791 2760 ἀκρίτους
809 2674 1020 2753 ἀπολωλότας
1038 2675 1060 2760 ἢ
1079 2685 1138 2762 τῆς

194 2864 369 2935 6ἒπιδεῖξαι
391 2885 414 2922 c.
433 2866 577 2936 Kiessling
602 2875 605 2930 A
630 2865 799 2935 προειπόντα
818 2867 882 2938 (sio)
900 2868 926 2922 A
961 2867 1137 2939 προειπόντα

122 2943 145 2995 Β
181 2937 366 3012 προειπόντος
384 2938 479 3008 vulgo,
498 2939 606 3006 Lapum
625 2941 736 2992 secutus
756 2937 788 2994 ὃν
806 2945 953 3007 προειπεῖν
968 2938 1027 2995 ἔδει
1041 2960 1089 3011 μοι
1103 2973 1137 2980 -

123 3018 294 3082 συναγαγεῖν
317 3015 404 3065 κατεῖ
421 3030 474 3081 μου
497 3017 663 3080 κατηγορεῖν
683 3010 861 3064 scribendum
879 3027 941 3065 esse
960 3015 1058 3066 censet
1076 3012 1137 3080 syl-

123 3085 208 3153 burg,
230 3080 403 3153 προειπόντα
427 3078 455 3136 δ’
477 3079 536 3136 ἔδει
559 3098 589 3135 σε
613 3098 661 3149 eqs
685 3099 708 3135 c.
728 3081 900 3150 Grasberger
918 3081 994 3137 Tess.
1018 3083 1136 3153 Herbip.

121 3173 150 3225 p.
169 3162 204 3210 20
294 3159 499 3224 4σνναγαγεῖν
522 3152 571 3208 καὶ
594 3148 657 3207 ἐκεῖ
674 3154 700 3207 Α
736 3159 904 3223 συναγαγεῖν
928 3149 991 3208 ε’κεῖ
1005 3155 1028 3207 Β
1104 3160 1136 3209 12

125 3225 199 3282 ἔστιν
219 3221 440 3295 ἐπιτηδειότερος
457 3225 480 3279 Β
546 3232 578 3279 13
598 3227 659 3280 δεῖν
679 3223 900 3279 add.B1'ieheler
969 3230 1001 3277 14
1022 3243 1051 3280 σε
1072 3224 1136 3280 add.

123 3298 228 3354 Reiske
243 3303 248 3367 Ι
263 3294 299 3351 τά
317 3316 347 3351 τε
362 3298 390 3350 ελ
406 3305 437 3352 16
453 3295 488 3350 τὰ
506 3295 585 3366 ὀλίγα
601 3296 623 3350 0
643 3313 711 3350 corr.
727 3294 816 3350 Cobet
829 3296 894 3350 Obs.
909 3314 936 3365 p.
952 3301 986 3350 85
1046 3302 1079 3352 18
1093 3316 1139 3352 τε-

123 3371 262 3440 θαύμακα
281 3362 302 3422 ὦ
310 3367 407 3493 ἓουλὴ
426 3368 448 3422 0
468 3370 580 3436 μενοῖεν
597 3368 620 3420 Β
691 3373 724 3420 20
744 3363 805 3436 ἐμοὶ
823 3365 947 3421 Reudler
964 3366 1055 3425 Τῖτον.
1075 3367 1138 3424 crit.

123 3458 151 3509 p.
171 3447 205 3495 34
242 3437 290 3510 ἐμὲ
349 3439 482 3509 Ιτοότου]
500 3439 591 3493 τοότο.
610 3440 656 3492 Ba
692 3446 773 3493 τοῦτο
792 3439 840 3492 Bb
877 3438 981 3493 τούτων
1000 3438 1026 3492 Α
