2414 3840
504 161 664 212 -ς,

78 339 135 388 σιν
159 321 207 396 είς
229 320 291 403 την
313 323 412 385 πόλιν
434 317 490 385 καί
513 319 727 406 παράσχωσιν
745 320 825 405 ὑμῖν
844 323 1094 406 βουλεύσασθαι

78 425 156 513 περὶ
174 436 272 510 σφῶν
292 424 412 507 αὐτῶν,
436 419 515 490 καθ’
532 425 674 510 ἡσυχίαν
693 425 908 504 ἐξετάσαντας
926 430 999 493 τότε
1017 437 1095 513 χρη-

79 540 165 599 σθαι
187 535 373 617 μετριότητι
395 533 478 617 πρὸς
501 532 623 608 αὐτοὺς
646 533 785 615 είδύτας,
808 533 859 598 ὅτι
877 542 944 598 πᾶν
961 535 1000 598 τδ
1018 534 1095 600 άνύ-

78 660 174 724 ητον,
198 639 306 713 άλλως
328 660 363 702 τε
385 636 448 702 κάν
472 639 569 722 ὄχλος
587 629 619 723 ᾖ,
642 639 725 722 πρὸς
744 635 805 723 μὲν
823 640 901 716 τοὺς
918 643 1096 716 ταπεινοὺς

79 746 230 820 αὔθαδες
253 746 409 826 γίνεσθαι
428 749 529 827 φιλεῖ,
552 745 635 830 πρὸς
654 741 691 810 δέ
709 747 788 822 τοὺς
807 744 968 823 αὐθάδεις
984 763 1122 812 τάττει-6

78 857 235 918 νούσθιιι.
1092 935 1094 940 ,

147 956 245 1022 LXV.
269 955 496 1040 Παυσαμένου
520 953 557 1020 δὲ
580 964 640 1020 τοῦ
658 958 832 1021 Κλαυδίου
854 957 977 1041 μεγάλη
997 960 1095 1042 φωνὴ

79 1062 137 1130 καί
163 1066 314 1148 θόρυβος
341 1061 483 1141 ἐξαίσιος
510 1063 586 1146 άχρι
612 1066 739 1127 πολλοῦ
762 1066 885 1147 χρόνον
908 1075 1035 1148 κατεῖχε
1058 1065 1096 1128 τὸ

80 1169 270 1255 συνέδριον.
308 1170 343 1235 ολ
362 1164 424 1252 μὲν
446 1169 509 1252 γδιρ
529 1167 793 1254 ἀριστοκρατικοὶ
813 1172 991 1247 δοκοῦντες
1010 1165 1097 1236 εἶναι

79 1274 199 1342 καὶτὰ
222 1277 411 1359 δικαιότερα
433 1276 497 1359 πρὸ
521 1285 588 1340 τών
612 1275 738 1341 ἀδίκων
761 1279 909 1360 οἰόμενοι
929 1279 1001 1342 δεῖν
1020 1295 1137 1343 ouo-10
1179 1256 1183 1263 ¹

80 1393 157 1448 πείν
180 1389 219 1466 τῇ
242 1380 416 1446 Κλαυδίου
439 1382 554 1466 γνώμη
578 1385 817 1464 προσετίθεντο
840 1381 895 1448 καὶ
917 1387 996 1461 τοὺς
1013 1384 1096 1448 ὑπά-

80 1512 161 1564 τους
191 1485 308 1570 ἠξίουν
339 1486 479 1570 μάλιστα
511 1484 573 1571 μὲν
602 1495 641 1571 τῇ
669 1490 834 1571 κρείττονι
862 1499 1097 1575 προσχωρῆσαι

81 1594 194 1680 μερίδι
221 1592 526 1677 διαλογιζομένους,
555 1594 606 1658 ὅτι
634 1595 807 1676 βασιλικὸν
837 1597 949 1679 έχουσι
977 1595 1014 1659 τὸ
1039 1605 1098 1679 τῆς

64 1701 184 1786 ’ἀρχῆς
205 1699 339 1785 κράτος,
369 1699 411 1764 οὐ
434 1701 626 1782 δημοτικόν·
664 1702 696 1766 εί
718 1695 755 1764 δὲ
778 1703 822 1783 μή
845 1723 893 1783 γε,
918 1699 1097 1783 φυλάττειν

81 1807 206 1881 αύτούς
233 1811 327 1882 ίσους
354 1803 409 1871 καὶ
436 1807 480 1889 μὴ
509 1807 698 1889 κατισχύειν
724 1807 908 1890 μηδετέραν
930 1815 998 1869 τῶν
1022 1806 1098 1870 στά-
1112 1823 1137 1863 1⁶

32 1930 183 1995 189σεων,
207 1910 535 1997 διαριθμησαμένους
555 1907 592 1976 δὲ
610 1914 668 1988 τὰς
686 1913 820 1996 γνώμας
838 1922 904 1977 τών
923 1909 1098 1996 συνέδρων

81 2029 154 2095 ταῖς
177 2020 308 2083 πλείοσι
332 2019 503 2101 [γνώμαις]
528 2028 682 2101 στοιχεῖν.
725 2020 756 2083 εί
778 2015 815 2083 δὲ
838 2018 967 2083 τούτων
991 2017 1133 2100 ἅμμα-2

81 2124 189 2211 τέρων
207 2123 422 2209 ὑπεριδόντες
441 2122 687 2208 αὐτοκράτορας
702 2125 824 2201 αὑτοὺς
837 2127 1017 2208 ποιησουσι
1029 2133 1097 2188 τών

82 2231 289 2312 διαλύσεων,
314 2229 376 2294 οὐκ
399 2227 586 2313 ἐπιτρέψειν
610 2229 723 2306 αὐτοῖς
747 2233 879 2313 ἔλεγον,
904 2228 974 2295 ἀλλ’
1002 2228 1097 2294 ἐναν-

82 2338 267 2402 τιώσεσθαι
298 2336 387 2420 πάση
418 2337 591 2421 προθυμίη
624 2338 737 2418 λόγοις
768 2333 797 2400 τ’
829 2337 923 2421 άχρις
955 2334 998 2401 δν
1031 2334 1096 2419 ἐξῇ,
1112 2352 1138 2392 2⁰

81 2445 248 2529 χρώμενοι
270 2440 326 2507 καὶ
350 2442 478 2523 ὅπλοις,
508 2441 588 2506 ὅταν
612 2441 795 2525 ἀναγκαῖον
817 2441 964 2524 γένηται·
994 2437 1038 2524 ἦν
1062 2438 1099 2506 δὲ

81 2560 182 2616 τοῦτο
210 2558 329 2631 στῖφος
355 2549 516 2633 καρτερὸν
539 2546 594 2612 καὶ
618 2548 739 2632 σχεδὸν
762 2548 872 2612 άπασα
894 2557 961 2613 τών
984 2569 1099 2632 πατρι-

81 2659 166 2721 κίων
189 2654 210 2737 η
233 2657 351 2738 νεότης
373 2654 493 2736 ταύτης
517 2658 621 2736 είχετο
645 2663 702 2737 τῆς
724 2652 957 2740 προαιρέσεως.
1005 2655 1039 2719 οἱ
1061 2649 1133 2719 δὲδ

82 2771 141 2844 τῆς
169 2763 303 2846 είρηνης
330 2759 573 2842 ἐπιθυμοῦντες
601 2768 640 2844 τῇ
664 2763 842 2843 Μενηνίου
870 2783 905 2824 τε
932 2758 987 2826 καὶ
1012 2761 1100 2827 Ούα-

82 2871 198 2954 λερίου
216 2868 333 2952 γνώμη
351 2864 564 2952 προσέκειντο
583 2864 638 2930 καλ
657 2866 797 2950 μάλιστα
812 2868 847 2932 ολ
858 2871 1100 2953 προβεβηκότες
1113 2883 1139 2924 2⁵

80 2985 155 3051 ταῖς
177 2973 319 3056 ἡλικίαις
343 2971 590 3055 ἐνθυμούμενοι
613 2973 671 3048 τὰς
694 2974 880 3058 συμφοράς,
905 2974 980 3039 ὅσαι
1002 2998 1100 3039 κατα-

80 3081 294 3165 λαμβάνουσι
330 3080 388 3155 τὰς
419 3078 530 3154 πόλεις
562 3076 599 3142 ἐκ
630 3090 697 3144 τών
731 3079 905 3164 ἐμφυλίων
936 3079 1099 3162 πολέμων.

157 3275 262 3338 λτοδις
285 3272 450 3346 χρησθαιΟ
486 3270 548 3328 τότε
572 3293 614 3343 χρ.
638 3289 661 3327 ο.
681 3271 826 3340 Kiessling
916 3275 949 3323 10
972 3267 1021 3322 καί
1045 3267 1099 3322 del.

84 3347 246 3417 Stephanus
320 3353 353 3401 16
373 3347 409 3417 μὴ
430 3343 457 3402 δ’
475 3339 557 3415 ἕτέρα
576 3343 599 3396 Β
655 3348 687 3398 17
707 3343 830 3412 γνώμαις
852 3339 906 3394 del.
926 3337 1017 3403 Cobeh
1034 3337 1101 3395 Obs.

84 3438 113 3489 p.
130 3424 181 3473 126
255 3424 288 3471 18
307 3415 534 3489 ύπεριδόνταςΒ
608 3420 642 3469 20
661 3413 727 3483 ύίχρι
744 3413 791 3465 Ba
