2414 3840
484 221 646 270 -Δ-
1031 219 1075 284 33

28 374 33 467 ζ
93 375 166 464 τάρτη
186 380 424 445 συνετάττοντο
448 381 557 466 μοίρᾳ.
593 375 636 463 ἦν
660 377 698 446 δὲ
719 378 775 445 καλ
798 381 926 445 τούτων
948 372 995 456 εἷς
1014 376 1089 464 μὲν.

89 494 138 548 τῶν
151 484 379 572 πρεσβυτέρων
399 487 511 570 λόχος,
530 477 578 562 εἷς
597 483 633 551 δὲ
647 497 715 551 τῶν
729 484 914 573 νεωτέρων·
938 485 1075 571 λοχαγοὶ

84 586 109 654 δ’
123 590 150 671 ἐξ
175 591 330 658 ἁπάντων
355 588 584 676 ἐπιλεχθέντες
607 593 643 658 οί
663 595 893 677 γενναιότατοι
915 595 955 658 τά
977 592 1074 659 πολέ-

78 721 124 779 μια
143 701 217 775 τοὺς
241 699 350 775 ἰδίους
373 696 505 763 ἔκαστοι
528 700 648 783 λόχους
671 699 838 777 εὐπειθεῖς
860 709 930 776 τοῖς
948 721 1074 784 παραγ-

71 803 271 888 γελλομένοις
293 807 501 890 παρείχοντο.
1088 826 1101 866 ε

126 911 250 976 XVIII.
278 911 373 995 Αὕτη
401 907 463 995 μὲν
484 910 505 994 ἡ
529 912 747 995 διακόσμησις
768 907 812 994 ,ἦν
835 912 856 996 η
880 914 918 977 τὸ
941 915 1074 992 πεζικὸν

63 1018 269 1104 ἐκπληροῦσα
292 1027 360 1082 τῶν
383 1040 418 1082 τε
441 1021 656 1101 φαλαγγιτῶν
679 1014 735 1082 καλ
757 1028 824 1083 τῶν
847 1023 956 1096 ψιλῶν
978 1021 1075 1105 στρά-

58 1145 173 1210 τευμα·
211 1125 250 1188 τὸ
284 1120 321 1188 δὲ
354 1133 421 1188 τῶν
451 1121 577 1189 ίππέοιν
608 1128 738 1206 πλῆθος
765 1122 915 1203 ἐπέλεξεν
944 1125 980 1191 ἐκ
1007 1137 1074 1191 τῶν

56 1231 204 1317 ἐχόντων
221 1232 260 1295 τὸ
280 1231 437 1314 μέγιστον
455 1233 579 1315 τίμημα
597 1227 753 1295 καὶκατὰ
771 1229 869 1313 γένος
888 1232 1072 1317 ἐπιφανῶν·

56 1336 214 1416 συνέταξε
244 1334 275 1402 δ’
301 1339 348 1414 είς
374 1337 596 1403 ὀκτωκαίδεκα
626 1339 745 1422 λόχους
772 1336 828 1403 καλ
855 1338 1073 1426 προσένειμεν
1088 1361 1113 1399 10

56 1444 181 1521 αὐτοὺς
216 1454 288 1521 τοῖς
328 1445 471 1527 πρώτοις
506 1453 574 1508 τῶν
612 1449 825 1528 φαλαγγιτῶν
867 1445 1074 1531 ὀγδοήκοντα

55 1553 180 1634 λόχοις·
205 1544 298 1634 εἶχον
323 1546 359 1614 δὲ
382 1547 437 1614 καλ
461 1545 555 1616 οὗτοι
577 1552 657 1627 τοὺς
675 1551 957 1635 ἐπιφανεστάτους
976 1557 1074 1637 λοχα-

55 1657 147 1740 γούς.
184 1659 265 1733 τοὺς
285 1652 321 1721 δὲ
340 1659 477 1733 λοιποὺς
494 1659 645 1740 πολίτας,
670 1660 705 1721 οῖ
720 1659 854 1741 τίμησιν
874 1652 965 1740 είχον
984 1658 1110 1726 &mv-2

55 1786 138 1827 τονα
157 1763 290 1828 δώδεκα
307 1760 362 1827 καὶ
379 1762 520 1847 ἡμίσους
534 1774 639 1847 μνῶν,
663 1756 798 1839 πλείους
811 1763 912 1845 <τὸν>
928 1762 1075 1848 ἀριθμὸν

57 1870 156 1946 ὄντας
179 1880 248 1935 τῶν
270 1867 454 1955 προτέρων,
477 1870 625 1946 ἅπαντας
648 1871 695 1947 είς
713 1869 772 1935 ἕνα
792 1866 954 1948 συντάξας
973 1873 1075 1956 λόχον
1090 1891 1115 1932 15

57 1979 231 2062 στρατείας
263 1973 294 2041 τ’
331 1974 473 2041 ἀπέλυσε
504 1974 561 2040 καὶ
593 1976 700 2060 πάσης
732 1979 892 2063 εἰσφορᾶς
919 1977 1075 2063 ἐποίησεν

10 2081 194 2159 εεκάτελεῖς.
233 2065 388 2166 ἐγένοντο
417 2084 458 2165 δη
488 2086 670 2169 συμμορίαι
696 2080 758 2167 μὲν
786 2083 834 2166 ἐξ,
863 2083 901 2160 άς
919 2079 1074 2169 Ῥωμαῖοι

56 2194 200 2254 καλοῦσι
218 2189 387 2271 κλάσσεις,
412 2190 519 2270 [κατὰ]
539 2190 598 2266 τάς
611 2186 805 2273 Ἑλληνικὰς
823 2192 954 2273 κλήσεις
972 2211 1075 2274 παρο-

57 2297 277 2380 νομάσαντες·
301 2293 319 2358 ὃ
343 2294 407 2380 γάρ
430 2293 523 2378 ἡμεῖς
547 2294 634 2380 ῥῆμα
653 2306 899 2382 προστακτικῶς
918 2298 1075 2380 σχηματί-

59 2419 176 2479 σαντες
204 2397 404 2486 ἐκφέρομεν,
434 2401 540 2484 κάλει,
568 2400 658 2467 τοῦτ’
681 2402 804 2468 ἐκεῖνοι
830 2402 966 2486 λέγουσι
991 2403 1075 2468 κάλα
1089 2424 1115 2463 εο

58 2506 113 2573 καλ
131 2510 190 2585 τάς
208 2507 363 2583 κλάσσεις
381 2507 461 2590 <τὸ>
481 2507 620 2594 άρχαῖον
640 2507 782 2575 ἐκάλουν
795 2507 954 2588 καλέσεις·
979 2514 1074 2596 λόχοι
1089 2516 1109 2579 3

59 2613 107 2698 δ’,
135 2613 196 2691 οὓς
225 2614 263 2677 αἱ
287 2616 469 2699 συμμορίαι
496 2614 775 2700 περιελάμβανον,
805 2615 921 2682 ἑκατὸν
944 2615 999 2684 καὶ
1022 2618 1074 2684 ἐν-

59 2730 319 2807 ενηκοντατρεῖς.
358 2719 489 2805 ἐπεῖχον
513 2717 550 2786 δὲ
572 2723 633 2806 την
652 2718 713 2806 μὲν
732 2724 867 2809 πρώτην
886 2728 1074 2811 συμμορίαν

58 2828 143 2894 ὀκτὼ
172 2825 228 2893 καλ
251 2826 450 2912 ἐνενήκοντα
473 2830 566 2913 λόχοι
590 2832 655 2894 σὺν
678 2840 748 2906 τοῖς
771 2831 919 2896 ίππεῦσι·
951 2832 1012 2915 τὴν
1037 2830 1074 2896 δὲ

130 3027 147 3074 2
172 3028 228 3073 τῶν
253 3019 317 3074 add.
341 3019 418 3072 ABb
514 3016 601 3074 3*ἐκ
624 3021 738 3076 πάντων
763 3022 785 3076 Ο
811 3028 815 3088 λ
840 3023 1073 3094 γενναιότεροιΟ

59 3093 174 3161 praeter
191 3090 215 3142 B
262 3096 296 3145 14
310 3091 421 3145 δώδεκα
441 3108 494 3145 om.
509 3091 534 3144 A
550 3092 554 3161 Ι
570 3092 619 3147 τὸν
634 3093 698 3146 add.
714 3092 835 3163 Sylburg
882 3102 914 3150 18
933 3095 1074 3157 *κλάσεις

60 3162 81 3214 Β
118 3161 169 3216 καλ
186 3161 214 3215 A
229 3165 233 3229 Ι
250 3165 322 3216 κατὰ
340 3160 387 3214 Bb
407 3161 461 3216 del.
476 3161 600 3216 Kiesslin
674 3171 706 3218 21
727 3165 888 3235 άρχαῖονΟ
925 3168 957 3222 τὸ
976 3165 1074 3219 addidi

59 3235 197 3303 τάρχαῖον
221 3249 244 3286 ο.
267 3231 411 3302 Kiessling
436 3236 440 3302 Ι
465 3232 576 3297 κλάσεις
598 3181 674 3289 {Bb
711 3237 829 3311 πληγεις
847 3237 894 3290 Ba
919 3247 922 3307 Ι
948 3235 1074 3293 καλέσεις

61 3305 82 3358 0
118 3302 253 3367 καλάσεις
276 3303 454 3358 0.Bfiche1e1·
543 3311 576 3359 22
597 3299 884 3376 ἐνενηκοντατρεῖςΑ
921 3304 1074 3373 ἐνενηκοντ

60 3375 104 3429 Ba
137 3381 233 3447 ατρεῖς
251 3375 315 3429 add.
334 3374 381 3428 Bb
453 3381 486 3430 23
507 3370 620 3446 ἐπεῖχον
636 3371 855 3445 -ἐνενήκοντα
875 3378 940 3431 add.
960 3377 990 3429 In
1008 3385 1073 3438 mg&

60 3481 104 3536 Bb
124 3481 306 3553 superscript.
325 3466 406 3536 affl
477 3488 512 3537 24
531 3484 582 3538 σὺν
601 3489 659 3546 τοῖς
678 3515 711 3524 -
730 3483 780 3539 καὶ
798 3483 850 3538 δόο
868 3482 901 3537 in
915 3495 981 3551 σομε
1002 3478 1027 3531 A

108 3583 209 3620 Dmm,
223 3581 286 3618 Πιτ,
298 3581 331 3618 Π,
352 3590 391 3621 πο,
406 3582 510 3626 JAoonr.
910 3578 929 3628 3
