2414 3840
149 181 215 246 382
572 182 825 285 -ἱῖ-Ι

149 355 217 410 τῶν
241 344 372 409 οἰκείων
395 341 416 426 ῆ
439 353 507 408 τῶν
530 343 715 429 ἀλλοτρίων
736 341 948 408 ἐλαύνεσθαι.
987 344 1023 408 οί
1040 341 1078 410 δὲ
1091 340 1166 411 Ῥω-

110 450 242 538 δμύλρι
275 450 501 536 συναράμενοι
532 458 591 533 τῆς
623 451 793 532 στρατείας
821 447 875 514 ἐπὶ
901 457 947 538 τιβ
977 453 1166 533 κτήσασθαι

145 559 317 642 κρείττονα
347 563 412 639 γῆν
439 555 618 641 ὑπερεῖδον
646 564 704 639 τῆς
725 551 893 643 πατρῴας·
929 556 1026 640 ἡμεῖς
1050 555 1088 622 δὲ
1105 559 1164 623 τὸν

145 663 266 727 ἀπολιν
289 660 427 727 καὶτὸν
450 660 605 727 ἀνέστιον
628 659 835 738 ἐκλείποντες
857 663 945 745 βίον,
970 663 1050 728 ούτε
1069 669 1164 741 θεοῖς

123 768 337 852 ιέπίφθονου
360 769 437 834 ούτε
460 768 652 854 ἀνθρώποις
675 769 829 853 λυπηρὰν
852 768 930 834 ούτε
953 776 996 853 γῆ
1018 792 1088 834 τινι
1106 772 1205 852 βαι-ιιι

147 886 241 959 ρεῖαν
264 872 444 959 στέλλομεν
467 874 632 957 ἀποικίαν,
657 870 760 956 [ἀλλ’]
786 871 866 940 οὐδὲ
885 871 930 939 δι’
952 875 1093 958 αἵματος
1109 873 1163 940 καὶ

46 1047 48 1052 .
146 984 263 1065 φόνων
296 981 469 1068 ἐμφυλίων
501 980 658 1056 ἐλθόντες
689 982 772 1066 πρὸς
802 983 882 1057 τοὺς
914 980 1162 1058 ἀπελαύνοντας

143 1087 238 1173 ἡμᾶς,
262 1086 342 1154 οὐδὲ
365 1085 447 1174 πυρὶ
469 1085 524 1151 καὶ
548 1087 674 1173 σιδῆρφ
697 1088 906 1163 κακώσαντες
927 1088 990 1170 τῆν
1014 1086 1161 1153 ἐκλειπο-

145 1191 249 1278 μένην
267 1203 342 1278 γῆν,
362 1190 436 1258 οὐδ’
454 1194 535 1258 ἀλλο
555 1196 772 1277 μνημόσυνον
791 1189 893 1258 οὐδὲν
908 1194 1052 1258 αίωνίου
1066 1216 1160 1259 κατα-

108 1318 134 1356 10
145 1301 296 1375 λιπόντες
329 1301 466 1381 ἔχθρας,
499 1298 544 1373 ὡς
574 1309 646 1373 ταῖς
675 1296 1008 1382 παρεσπονδημέναις
1037 1311 1159 1384 φυγαῖς

142 1402 198 1468 καὶ
218 1405 264 1480 είς
282 1404 489 1487 ἀβουλήτους
508 1403 653 1487 ἀνάγκας
671 1397 978 1482 κατακλεισθείσαις
994 1408 1077 1483 έθος
1092 1404 1158 1472 έστλ

107 1509 237 1595 4δρᾶν.
282 1511 386 1587 θεούς
408 1532 443 1576 τε
466 1509 768 1597 ἐπιμαρτυράμενοι
790 1508 846 1576 καὶ
869 1512 1044 1597 δαίμονας,
1069 1517 1105 1578 οῖ
1119 1514 1157 1578 τά

142 1617 264 1701 θνητά
284 1617 392 1682 πάντα
424 1619 505 1682 κατὰ
537 1619 635 1699 δίκην
667 1618 802 1699 ἀγουσι,
834 1615 889 1681 καὶ
921 1623 1158 1696 καταλιπόντες

143 1724 282 1802 έκείνοις
310 1723 565 1811 ἀναπράξασθαι
591 1725 649 1800 τάς
676 1720 761 1807 ὑπὲρ
788 1723 882 1808 ῆμῶν
911 1725 1021 1809 δίκας,
1051 1725 1155 1792 έκεῖνο

105 1834 248 1916 16μόνον
280 1830 451 1915 ἀξιοῦμεν,
484 1823 534 1907 οἷς
566 1830 657 1894 ἐστιν
683 1829 778 1914 ἡμῶν
806 1828 843 1895 έν
869 1839 909 1916 τῆ
936 1834 1034 1896 πόλει
1061 1829 1157 1897 τέκνα

140 1940 242 2022 νήπιοι
265 1935 319 2003 καί
342 1949 453 2021 γονεῖς
475 1935 530 2001 καὶ
554 1943 587 2001 εί
604 1959 693 2012 τινες
715 1938 780 2021 ἀρα
802 1947 959 2020 γυναῖκες
980 1938 1064 2021 ῆμῖν
1081 1938 1153 2004 έθε-

140 2046 281 2128 λῆσουσι
308 2054 484 2137 κοινωνεῖν
511 2052 568 2128 τῆς
595 2044 712 2127 τύχης,
746 2044 787 2108 τά
814 2040 937 2127 σάματ’
965 2043 1154 2128 ἀπολαβεῖν.

139 2147 238 2214 ταῦθ’
260 2149 340 2235 ἡμῖν
364 2150 490 2235 ἀπόχρη
515 2153 645 2232 λαβεῖν,
672 2147 728 2214 καὶ
751 2146 861 2214 οὐκέτι
884 2148 1025 2227 οὐδενὸς
1048 2153 1150 2217 ἀλλον

140 2257 287 2341 δεόμεθα
309 2266 376 2322 τῶν
395 2256 431 2321 έκ
448 2264 506 2339 τῆς
524 2257 690 2342 πατρίδος.
728 2251 799 2320 ἀλλ’
823 2255 988 2345 εὐτυχεῖτε
1006 2255 1063 2322 καὶ
1084 2261 1152 2342 ζῆτε

104 2364 230 2447 Ξθβίον,
260 2362 300 2428 δν
323 2361 365 2429 ἀν
388 2368 611 2449 προαιρῆσθε,
634 2361 740 2439 οὕτως
762 2361 961 2427 ἀπολίτευτα
982 2362 1040 2428 καὶ
1064 2365 1150 2431 ἀκοι-

137 2470 271 2553 νύνητα
292 2471 376 2552 πρὸς
398 2471 477 2545 τοὺς
499 2469 753 2550 ταπεινοτέρους
775 2477 990 2555 φρονοῦντες.
1013 2527 1016 2530 ⁴

206 2574 347 2639 LXXXI.
367 2572 402 2640 ‘0
420 2571 480 2660 μὲν
499 2575 540 2659 δὴ
555 2579 703 2662 Βροῦτος
721 2576 895 2651 τοιούτους
914 2577 1017 2641 εἰπὼν
1032 2581 1151 2662 λόγους

137 2680 316 2747 ἐπαύσατο·
347 2694 418 2759 τοῖς
440 2677 478 2746 δὲ
496 2691 671 2768 παροῦσιν,
695 2681 758 2746 ὅσα
776 2705 811 2746 τε
828 2680 904 2767 περὶ
923 2694 991 2747 τῖον
1010 2684 1147 2750 διιωιίων

138 2783 240 2870 εἶπεν,
264 2786 375 2871 ἀληθῆ
399 2783 484 2854 εἶναι
508 2786 615 2853 ἐδόκει
637 2787 692 2852 καὶ
716 2788 778 2853 ὅσα
800 2796 857 2872 τῆς
878 2788 1066 2871 ὑπεροψίας
1088 2791 1201 2857 τούὶλδὁ

102 2924 129 2966 25
139 2894 319 2977 συνεδρίου
346 2897 565 2980 κατηγόρησε,
594 2895 734 2979 μάλιστα
758 2889 788 2959 δ’
811 2893 847 2960 έν
871 2886 921 2972 οἷς
943 2897 980 2960 τὸ
1005 2895 1151 2982 ἀσφαλὲς

210 3093 222 3139 1
244 3081 447 3152 ἐξελαύνεσθαι
465 3104 488 3142 ο.
507 3087 651 3157 Kiessling
730 3095 747 3142 4
767 3082 926 3150 ἐκλιπόντες
943 3087 991 3141 Bb
1071 3093 1151 3144 ὅλο-

135 3158 227 3229 πηρὸν
247 3157 269 3212 Ο
289 3174 357 3212 corr.
379 3158 500 3227 Sylburg
562 3154 658 3214 6όιλλ’
675 3156 784 3213 omo
821 3156 882 3212 ἀλλ’
899 3158 953 3212 del.
973 3159 1080 3214 Reiske
1134 3168 1149 3216 9

136 3227 356 3354 μνημὲόσννον)
375 3229 406 3282 in
423 3246 477 3284 ras.
497 3229 642 3283 3-41ἰῖῖ.
662 3230 705 3311 B]
722 3229 941 3311 καταλιπόντες
958 3230 981 3283 Β
1046 3238 1080 3286 10
1100 3252 1150 3302 φυ-

135 3306 196 3364 λαῖς
243 3301 290 3354 Bb
328 3301 443 3372 φυίίίαις
460 3300 507 3353 Ba
543 3307 647 3370 φυγαῖς
666 3300 790 3355 Smtoms
809 3301 869 3355 Em.
889 3301 970 3355 D10n.
991 3301 1004 3354 I
1022 3308 1057 3356 29
1116 3309 1147 3356 14

131 3370 354 3499 μέμπὲάξεσθαι
371 3371 397 3425 A
487 3377 521 3426 20
539 3370 790 3441 προαιρήσεσθεΒ
881 3379 913 3426 25
931 3371 963 3426 τὸ
988 3371 1151 3443 ἀσφαλὲσσ
