2414 3840
91 190 156 255 130
516 194 680 244 -Δ-
799 227 801 232 ,

55 358 202 442 ἀπολλῷ
235 353 461 440 μιαρωτέρους
492 361 553 418 τοῦ
584 356 715 439 πατρός.
760 355 846 420 ὅπου
873 356 937 442 γάρ
966 355 984 421 ὁ
1014 359 1109 440 γενό-

91 484 190 546 μενος
212 459 245 540 ἐξ
270 461 406 525 ἰδιώτου
424 460 589 545 τύραννος
606 457 662 524 καί
680 457 742 539 ὀψὲ
761 460 944 547 ἀρξάμενος
959 465 1109 551 πονηρὸς

91 563 192 651 εἶναι,
225 575 334 632 πᾶσαν
363 565 497 653 ἀκριβοῖ
520 568 581 651 τήν
608 568 813 653 τυραννικήν
839 571 975 653 κακίαν,
1004 572 1109 637 ποδα-

90 677 175 751 ποὺς
206 674 268 759 χρή
300 677 448 759 νομίζειν
475 675 612 738 ἔσεσθαι
640 675 719 750 τοὺς
746 672 780 751 έξ
807 673 937 740 ἐκείνου
965 676 1108 762 φύντας,

71 772 142 858 τοῖς
165 781 314 866 πονηρὸν
333 777 394 867 μὲν
417 778 525 864 γένος,
548 778 693 866 πονηραὶ
717 777 755 846 δὲ
776 783 911 868 τροφαί,
934 785 1109 850 πολιτικὸν

91 883 129 953 δέ
164 885 220 952 καὶ
256 885 400 973 μέτριον,
424 883 524 952 οὐδὲν
557 883 627 953 οὔτ’
660 888 745 952 ίδεῖν
777 885 942 972 ἐξεγένετο
974 891 1156 957 πάποτεθοῖ

91 997 319 1080 πραττόμενον
343 994 419 1060 οὔτε
443 999 580 1079 μαθεῖυ;
606 993 663 1077 ’ίνα
686 990 723 1059 δὲ
746 995 790 1080 μή
814 996 1029 1081 μαντεύησθε
1051 1000 1110 1077 τάς

89 1103 295 1187 καταράτους
313 1101 424 1166 αὐτῶν
443 1101 576 1184 φύσεις,
597 1098 670 1167 ἀλλ’
690 1101 834 1189 ἀκριβῶς
854 1101 996 1188 μάθητε,
1016 1105 1110 1184 οἵους

91 1208 256 1286 σκύλακας
278 1208 358 1293 ὑμῖν
380 1207 401 1291 ή
421 1211 611 1294 Ταρκυνίου
633 1206 792 1294 τυραννὶς
811 1207 1006 1296 ὑποτρέφει,
1029 1212 1111 1278 θεά-

59 1323 203 1380 ιοσασθε
226 1317 326 1401 ἔργον
349 1312 424 1392 ἑνὸς
446 1315 557 1379 αὐτῶν
579 1324 640 1380 τοῦ
662 1317 901 1401 πρεσβυτάτου.

158 1421 320 1487 LXXXII.
347 1421 440 1504 Αύτη
460 1423 613 1507 Σπορίου
636 1420 697 1506 μέν
720 1421 790 1488 έστι
807 1426 1024 1508 Λουκρητίου
1046 1431 1111 1491 θν-

92 1528 212 1614 γάτηρ,
241 1527 281 1593 ὃν
310 1525 458 1605 ἀπέδειξε
485 1536 543 1611 τῆς
569 1529 696 1603 πόλεως
723 1529 868 1614 ἔπαρχον
896 1528 913 1595 ὁ
942 1531 1112 1616 τύραννος

93 1634 190 1714 ἐξιὼν
227 1632 280 1700 έπὶ
314 1636 373 1699 τὸν
406 1637 567 1719 πόλεμον,
603 1637 794 1719 Ταρκυνίου
826 1632 863 1700 δὲ
895 1639 1112 1704 Κολλατίνου

92 1744 178 1827 γυνή
208 1751 268 1808 τοῦ
298 1750 481 1825 συγγενοῦς
507 1750 575 1805 τῶν
602 1741 779 1826 τυράννων
806 1739 862 1807 καὶ
888 1745 998 1808 πολλὰ
1025 1742 1111 1832 ὑπὲρ

57 1871 82 1911 15
93 1849 204 1915 αὐτῶν
227 1849 533 1931 κακοπαθήσαντος.
576 1847 658 1931 αὕτη
682 1845 796 1931 μέντοι
819 1859 1012 1935 σωφρονεῖν
1030 1855 1112 1936 βου-

92 1953 214 2040 λομένη
247 1952 302 2020 καί
334 1956 393 2020 τὸν
425 1955 532 2040 ἀνδρα
564 1956 624 2019 τὸν
657 1953 774 2038 ἕαυτής
802 1961 964 2040 φιλοῦσα,
997 1957 1112 2046 ὥσπερ

93 2063 205 2148 ἀγαθή
219 2064 378 2149 προσήκει
391 2063 537 2146 γυναικί,
562 2059 771 2147 ξενιζομένου
785 2058 864 2150 παρ’
880 2063 964 2148 αὐτή
980 2063 1112 2144 Σέξτου

93 2171 149 2235 διά
171 2171 233 2253 τήν
256 2166 454 2252 συγγένειαν
472 2177 511 2254 τή
530 2169 747 2255 παρελθούσῃ
766 2173 872 2253 νυκτί,
895 2173 1113 2238 Κολλατίνου

93 2273 130 2342 δὲ
150 2271 217 2342 τότ’
235 2275 489 2359 ἀποδημοῦντος
512 2272 565 2340 ἐπὶ
584 2273 821 2361 στρατοπέδου,
844 2278 905 2361 τήν
924 2275 1112 2345 ἀκόλαστον

58 2407 83 2447 ιο
93 2385 194 2470 ὕβριν
225 2390 283 2467 τής
313 2383 514 2466 τυραννίδος
541 2382 602 2447 οὐκ
629 2381 781 2467 ἐδυνήθη
805 2383 1001 2468 διαφυγεῖν,
1035 2383 1107 2451 ἀλλ’

94 2493 203 2576 ὥσπερ
230 2491 435 2575 αἰχμάλωτος
458 2487 513 2554 ὑπ’
537 2489 682 2574 ἀνάγκης
704 2495 908 2576 κρατηθεῖσα
931 2490 1112 2577 ὑπέμεινεν

59 2599 156 2663 ἀὸσα
179 2597 223 2681 μή
247 2595 345 2682 θέμις
368 2595 530 2683 ἐλευθέρᾳ
552 2594 687 2681 γυναικί
710 2602 842 2662 παθεῖν.
880 2594 933 2681 ἐφ’
957 2590 1009 2675 οἷς
1032 2599 1112 2684 ἀγα-

94 2711 260 2768 νακτοῦσα
293 2701 348 2769 καὶ
381 2703 552 2790 ἀφόρητον
579 2702 748 2788 ἡγουμένη
775 2704 838 2787 τήν
865 2703 968 2790 ύβριν
995 2704 1111 2790 ἐπειδὴ

93 2810 176 2895 πρὸς
198 2811 258 2875 τὸν
280 2809 404 2896 πατέρα
426 2808 482 2876 καὶ
504 2813 583 2888 τοὺς
606 2812 727 2888 ἀλλους
745 2821 918 2894 συγγενεῖς
936 2812 995 2889 τάς
1013 2835 1112 2878 κατα-

58 2918 239 3001 εεσχούσας
267 2916 372 3000 αὐτὴν
400 2916 545 3000 ἀνάγκας
573 2915 726 3002 διεξῆλθε
753 2919 878 2994 πολλοῖς
900 2919 1144 3004 ποιησαμένηῖῑ

95 3026 220 3108 διήσεις
248 3023 304 3089 καὶ
332 3024 427 3110 ἀράς,
455 3024 511 3089 ίυα
538 3022 677 3111 τιμωροὶ
703 3032 774 3101 τοῖς
795 3035 909 3102 κακοῖς
932 3025 1036 3110 αὐτῆς
1058 3025 1111 3110 γε’·

95 3155 208 3198 νοιντο
240 3129 296 3196 καὶ
327 3133 367 3219 τὸἸ
397 3129 624 3216 κεκρυμμένον
655 3131 720 3197 ὑπὸ
753 3142 823 3208 τοῖς
849 3133 986 3210 κόλποις
1015 3131 1112 3218 ξίφος

165 3324 319 3397 3ἀκριβοῖ
332 3326 353 3379 Β
391 3325 513 3397 ἀκριβῶς
531 3323 677 3392 διεξήλασε
695 3326 721 3379 R
795 3331 825 3379 11
846 3323 1002 3399 <αύτη>Β
1077 3331 1111 3380 15

93 3397 221 3538 μβμήςῖέ
290 3402 323 3450 19
342 3394 485 3470 τ<ό>τ’Β
567 3402 601 3450 25
621 3395 747 3466 ἀνάγκας
765 3396 939 3466 διεξῆλθεΒ
976 3398 1109 3466 διεξῆλθε
