2414 3840
519 179 680 230 ..ς-

88 336 255 420 νεμεσητὰ
274 330 360 400 εἶναι
379 335 497 420 λέγων,
517 343 551 402 εί
564 359 653 415 τινες
671 337 864 425 ἐλευθερίας
877 343 1108 426 περιεχόμεναι

89 444 205 518 πόλεις
231 439 287 506 καλ
314 444 427 526 άρχειν
455 441 535 509 ποτέ
562 450 733 529 μαθοῦσαι
759 454 818 529 τῆς
844 451 984 524 παλαιάς
1012 446 1109 526 ἀξιώ-

89 563 176 624 σεως
199 547 240 612 ού
263 550 443 631 μεθίενται.
490 551 522 614 εί
547 544 580 614 δ’
604 549 747 628 ἀνιάτως
770 552 805 616 οί
829 562 896 617 τών
921 555 1107 638 κρατίστων

89 650 297 740 ὀρεχθέντες,
322 653 381 718 ἐὰν
405 655 609 739 διαμάρτωσι
630 666 688 741 τῆς
707 656 851 740 ἐλπίδος,
876 659 1106 742 ζημιώσονται,

89 755 194 824 οὐδὲν
231 761 368 824 ἔσεσθαι
399 762 437 825 τὸ
469 767 601 826 κωλῦον
633 763 780 840 ἁπαντας
812 764 1014 851 ἀνθρώπους
1045 760 1133 830 ὑπό

89 864 245 948 ἀλλήλων
269 862 491 929 ἀπολωλέναι·
514 874 594 930 πάσι
616 868 680 954 γὰρ
704 863 791 932 εἶναι
812 869 872 932 τὸν
894 877 952 951 τῆς
971 868 1105 935 ἐλευθε-

91 974 166 1055 ρίας
191 973 303 1042 πόθον
327 972 484 1054 ἔμφυτον.
521 976 632 1059 πολλῷ
656 995 691 1037 τε
709 977 881 1057 κρείττονα
900 971 955 1039 καὶ
974 977 1142 1058 βεβαιο-4

90 1075 192 1160 πέραν
225 1075 423 1160 ἀποφαίνων
451 1075 571 1161 ἀρχάν,
603 1078 674 1161 η’τις
701 1078 918 1165 εὐεργεσίαις,
952 1078 1035 1145 ἀλλὰ
1061 1082 1105 1164 μὴ

90 1185 264 1269 τιμωρίαις
286 1192 420 1266 κρατεῖν
443 1183 598 1265 βούλεται
620 1195 688 1249 τῶν
707 1185 876 1267 ὑπηκόων·
903 1193 942 1270 τῇ
962 1183 1023 1270 μὲν
1041 1187 1105 1270 γάρ

92 1289 229 1354 εύνοιαν
259 1288 477 1371 ἀκολουθεῖν,
503 1299 543 1375 τῇ
572 1287 609 1355 δὲ
638 1293 762 1375 φόβον,
794 1290 943 1375 ἀνάγκην
966 1286 997 1356 δ’
1020 1285 1106 1356 εἶναι
1120 1309 1147 1350 1⁰

91 1395 225 1479 φύσεως
253 1397 360 1461 πάντα
388 1398 528 1481 μάλιστα
556 1404 728 1481 μισεῖσθαι
754 1399 795 1463 τὰ
823 1398 963 1481 φοβερά·
995 1403 1106 1463 τελευ-

91 1510 158 1565 τών
186 1497 223 1566 δὲ
251 1511 312 1567 τού
339 1505 442 1586 λόγου
470 1504 735 1588 παραδείγμασιν
764 1503 885 1580 αὐτοὺς
907 1502 1004 1586 ἠξίου
1026 1513 1105 1588 χρη·
1185 1558 1189 1572 ,

92 1613 175 1671 σθαι
206 1618 276 1684 τοῖς
302 1611 489 1693 κρατίστοις
515 1620 583 1674 τῶν
610 1612 787 1693 προγόνων
816 1611 941 1692 ἔργοις,
974 1603 1026 1692 ἐφ’
1055 1602 1105 1686 οἷς

91 1712 239 1778 ἐπαίνων
257 1712 440 1799 ἐτύγχανον
459 1715 591 1799 ἐκείνοι,
610 1714 842 1799 ἐπιλεγόμενος
861 1715 941 1791 ὅσας
959 1713 1104 1791 ἁλούσας

90 1821 173 1883 κατὰ
202 1820 322 1903 κράτος
351 1823 464 1898 πόλεις
494 1821 535 1885 οὐ
562 1821 845 1897 κατασκάπτοντες
873 1815 953 1885 οὐδὲ
975 1819 1105 1902 ἡβηδὸν
1119 1837 1145 1878 1⁵

32 1924 308 2009 οεαάναιροῦντες
340 1921 413 1991 οὐδ’
450 1925 817 2013 ἐξανδραποδιζόμενοι,
850 1922 921 1991 ἀλλ’
953 1924 1106 2002 ἀποικίας

89 2039 149 2114 τῆς
168 2025 292 2115 Ῥώμης
314 2042 502 2115 ποιοῦντες,
526 2030 673 2110 καὶτοῖς
695 2032 914 2117 βουλομένοις
935 2041 1002 2096 τῶν
1026 2054 1105 2116 αρα-

89 2135 263 2220 τηθέντων
290 2140 379 2223 παρὰ
407 2142 504 2223 σφίσι
530 2149 697 2204 κατοικελν
722 2142 888 2216 πολιτείας
911 2138 1104 2222 μεταδιδόν-

88 2266 157 2326 τες,
186 2244 332 2327 μεγάλην
360 2245 396 2310 ἐκ
422 2253 540 2329 μικρᾶς
567 2243 743 2310 ἐποιοῦντο
766 2245 827 2328 την
850 2246 958 2309 πόλιν.
1003 2242 1105 2327 κεφά-

88 2353 187 2414 λαιον
224 2346 257 2414 δ’
293 2349 396 2415 αὐτοῦ
433 2359 492 2434 της
522 2352 656 2435 γνώμης
685 2345 728 2433 ἦν
761 2348 1014 2414 ἀνανεώσεσθαι
1045 2348 1104 2424 τάς
1117 2365 1145 2406 ιο

89 2456 239 2532 σπονδάς
265 2456 349 2543 πρὸς
375 2458 413 2522 τὸ
441 2458 558 2522 κοινὸν
584 2467 652 2521 τῶν
674 2457 846 2538 Λατίνων,
869 2453 908 2532 ἁς
934 2449 1020 2537 ἦσαν
1048 2473 1104 2518 πε-

87 2559 265 2644 ποιημένοι
295 2563 477 2648 πρότερον,
508 2559 564 2626 καὶ
596 2563 738 2646 μηδενὸς
765 2571 832 2625 τῶν
859 2558 1104 2643 ἁμαρτημάτων

88 2668 234 2754 μηδεμιᾷ
255 2670 350 2732 πόλει
372 2678 597 2750 μνησικακεῖν.

157 2772 226 2837 XX.
252 2776 450 2858 Σερουίλιος
473 2769 510 2838 δὲ
531 2777 736 2848 Σουλπίκιος
757 2769 833 2857 περὶ
856 2766 917 2856 μὲν
938 2779 996 2854 τῆς
1014 2771 1105 2857 είρή-

87 2902 151 2962 νης
170 2876 224 2943 καὶ
242 2888 299 2963 τῆς
317 2878 532 2957 ἀνανεώσεως
545 2889 613 2945 τών
627 2881 784 2945 σπονδῶν
798 2874 901 2943 οὐδὲν
914 2876 1103 2962 ἀντέλεγεν·
1116 2894 1144 2937 2⁵

163 3076 177 3123 1
204 3067 278 3125 εἶναι
300 3068 330 3125 λε’
349 3071 434 3125 ωνΒ
474 3068 561 3140 λέγων
586 3068 707 3126 εἷναιΒ
796 3076 813 3123 4
837 3070 1021 3139 ζημιώσονται
1048 3068 1101 3122 ΑΒ
1143 3078 1149 3088 “

88 3091 353 3211 ζημιωθήσονταιὰ]
373 3142 448 3210 quod
466 3158 521 3196 rec.
535 3141 680 3212 Kiessling
734 3138 914 3202 ὅπάνταςΟ
959 3146 989 3194 11
1005 3136 1102 3192 πάντα

87 3212 185 3265 Bom.
205 3212 230 3264 R
265 3213 371 3275 παντὸς
389 3211 533 3282 Kiessling
549 3217 553 3281 Ι
570 3213 679 3286 φοβερά
697 3209 791 3266 πάντα
811 3210 833 3264 Ο
851 3209 1005 3279 μναολοεΒ
1067 3214 1102 3262 14

88 3282 211 3344 ἁλούσας
230 3281 297 3345 ὅσας
316 3282 338 3336 O
358 3299 427 3337 corr.
447 3282 568 3352 Sylburg
637 3291 669 3339 18
688 3280 886 3354 μεταδιδόντες
904 3281 928 3333 Α
964 3274 1102 3349 μεταδόν-

87 3373 144 3477 nib
152 3353 175 3405 B
240 3349 407 3476 19Βέποίουν
426 3371 448 3409 ο.
467 3353 611 3424 Kiessling
677 3362 711 3410 20
730 3352 949 3407 ἀνανεώσασθαι
969 3350 994 3402 Α
1030 3347 1104 3402 ἀνα-

87 3444 121 3481 νε
147 3428 248 3479 σεσθαι

143 3523 243 3565 mom.
257 3523 366 3565 11th
387 3533 426 3564 σα.
440 3523 541 3566 λκσοει.
911 3513 948 3562 W
