<?xml version="1.0" encoding="UTF-8"?>
<!DOCTYPE html PUBLIC "-//W3C//DTD XHTML 1.0 Transitional//EN"
    "http://www.w3.org/TR/xhtml1/DTD/xhtml1-transitional.dtd">
<html xmlns="http://www.w3.org/1999/xhtml" xml:lang="en" lang="en">
 <head>
  <title>
</title>
<meta http-equiv="Content-Type" content="text/html;charset=utf-8" />
  <meta name='ocr-system' content='tesseract 3.04.00' />
  <meta name='ocr-capabilities' content='ocr_page ocr_carea ocr_par ocr_line ocrx_word'/>
</head>
<body>
  <div class='ocr_page' id='page_1' title='image "./dionysihalicarn02diongoog_0079.png"; bbox 0 0 2414 3840; ppageno 0'>
   <div class='ocr_carea' id='block_1_1' title="bbox 110 193 702 260">
    <p class='ocr_par' dir='ltr' id='par_1_1' title="bbox 110 193 702 260">
     <span class='ocr_line' id='line_1_1' title="bbox 110 193 702 260; baseline -0.005 0"><span class='ocrx_word' id='word_1_1' title='bbox 110 194 153 260; x_wconf 86' lang='grc'><em>68</em></span> <span class='ocrx_word' id='word_1_2' title='bbox 537 193 702 244; x_wconf 75' lang='grc' dir='ltr'><em>-Δ-</em></span> 
     </span>
    </p>
   </div>
   <div class='ocr_carea' id='block_1_2' title="bbox 72 349 1192 3390">
    <p class='ocr_par' dir='ltr' id='par_1_2' title="bbox 72 349 1192 3390">
     <span class='ocr_line' id='line_1_2' title="bbox 109 349 1130 441; baseline -0.003 -17"><span class='ocrx_word' id='word_1_3' title='bbox 109 363 198 441; x_wconf 87' lang='grc' dir='ltr'><em>λιον,</em></span> <span class='ocrx_word' id='word_1_4' title='bbox 232 357 288 421; x_wconf 78' lang='grc' dir='ltr'><em>ἵνα</em></span> <span class='ocrx_word' id='word_1_5' title='bbox 320 355 497 430; x_wconf 77' lang='grc' dir='ltr'><strong><em>πιστεύσας</em></strong></span> <span class='ocrx_word' id='word_1_6' title='bbox 526 353 571 429; x_wconf 81' lang='grc' dir='ltr'><em>ὡς</em></span> <span class='ocrx_word' id='word_1_7' title='bbox 599 355 687 440; x_wconf 83' lang='grc' dir='ltr'><em>φίλφ</em></span> <span class='ocrx_word' id='word_1_8' title='bbox 714 356 866 438; x_wconf 79' lang='grc' dir='ltr'><em>γεγονότι</em></span> <span class='ocrx_word' id='word_1_9' title='bbox 894 349 995 438; x_wconf 69' lang='grc' dir='ltr'><em>ἦττον</em></span> <span class='ocrx_word' id='word_1_10' title='bbox 1022 355 1130 422; x_wconf 83' lang='grc' dir='ltr'><em>αὐτὸν</em></span> 
     </span>
     <span class='ocr_line' id='line_1_3' title="bbox 109 454 1131 549; baseline -0.002 -19"><span class='ocrx_word' id='word_1_11' title='bbox 109 464 325 549; x_wconf 79' lang='grc' dir='ltr'><em>φυλάττοιτο,</em></span> <span class='ocrx_word' id='word_1_12' title='bbox 359 461 457 540; x_wconf 82' lang='grc' dir='ltr'><em>δόξας</em></span> <span class='ocrx_word' id='word_1_13' title='bbox 491 454 521 525; x_wconf 90' lang='grc' dir='ltr'><em>δ’</em></span> <span class='ocrx_word' id='word_1_14' title='bbox 548 459 652 544; x_wconf 82' lang='grc' dir='ltr'><em>αὐτὴν</em></span> <span class='ocrx_word' id='word_1_15' title='bbox 681 463 722 525; x_wconf 83' lang='grc' dir='ltr'><em>τὰ</em></span> <span class='ocrx_word' id='word_1_16' title='bbox 749 462 907 548; x_wconf 88' lang='grc' dir='ltr'><em>κροίτιστα</em></span> <span class='ocrx_word' id='word_1_17' title='bbox 933 461 1131 528; x_wconf 78' lang='grc' dir='ltr'><em>ὑποθέσθαι</em></span> 
     </span>
     <span class='ocr_line' id='line_1_4' title="bbox 110 565 1131 655; baseline -0.001 -19"><span class='ocrx_word' id='word_1_18' title='bbox 110 579 283 655; x_wconf 75' lang='grc' dir='ltr'><em>μετανοεῖν</em></span> <span class='ocrx_word' id='word_1_19' title='bbox 305 591 340 633; x_wconf 93' lang='grc' dir='ltr'><em>τε</em></span> <span class='ocrx_word' id='word_1_20' title='bbox 363 565 439 653; x_wconf 80' lang='grc' dir='ltr'><em>περὶ</em></span> <span class='ocrx_word' id='word_1_21' title='bbox 459 577 527 632; x_wconf 87' lang='grc' dir='ltr'><em>τών</em></span> <span class='ocrx_word' id='word_1_22' title='bbox 544 569 734 650; x_wconf 76' lang='grc' dir='ltr'><em>γεγονότων</em></span> <span class='ocrx_word' id='word_1_23' title='bbox 752 566 929 651; x_wconf 79' lang='grc' dir='ltr'><em>ἐσκήπτετο</em></span> <span class='ocrx_word' id='word_1_24' title='bbox 948 567 1131 636; x_wconf 81' lang='grc' dir='ltr'><em>καὶπολλὰ</em></span> 
     </span>
     <span class='ocr_line' id='line_1_5' title="bbox 111 675 1131 761; baseline 0.001 -19"><span class='ocrx_word' id='word_1_25' title='bbox 111 679 167 742; x_wconf 82' lang='grc' dir='ltr'><em>διὰ</em></span> <span class='ocrx_word' id='word_1_26' title='bbox 200 678 310 760; x_wconf 84' lang='grc' dir='ltr'><em>φίλων</em></span> <span class='ocrx_word' id='word_1_27' title='bbox 342 680 491 761; x_wconf 81' lang='grc' dir='ltr'><em>λιπαρῶν</em></span> <span class='ocrx_word' id='word_1_28' title='bbox 522 676 582 740; x_wconf 90' lang='grc' dir='ltr'><em>τὸν</em></span> <span class='ocrx_word' id='word_1_29' title='bbox 609 675 753 739; x_wconf 78' lang='grc' dir='ltr'><em>Τύλλιον</em></span> <span class='ocrx_word' id='word_1_30' title='bbox 781 675 877 758; x_wconf 78' lang='grc' dir='ltr'><em>ἠξίου</em></span> <span class='ocrx_word' id='word_1_31' title='bbox 905 677 1131 761; x_wconf 83' lang='grc' dir='ltr'><em>συγγνώμονα</em></span> 
     </span>
     <span class='ocr_line' id='line_1_6' title="bbox 76 762 1132 877; baseline -0.001 -28"><span class='ocrx_word' id='word_1_32' title='bbox 76 762 280 877; x_wconf 61' lang='grc' dir='ltr'><em>ξγενέσθαι.</em></span> <span class='ocrx_word' id='word_1_33' title='bbox 317 781 423 868; x_wconf 82' lang='grc' dir='ltr'><em>ῥᾷστα</em></span> <span class='ocrx_word' id='word_1_34' title='bbox 447 777 484 846; x_wconf 74' lang='grc' dir='ltr'><em>δὲ</em></span> <span class='ocrx_word' id='word_1_35' title='bbox 507 783 624 857; x_wconf 89' lang='grc' dir='ltr'><em>πείσας</em></span> <span class='ocrx_word' id='word_1_36' title='bbox 645 781 705 845; x_wconf 87' lang='grc' dir='ltr'><em>τὸν</em></span> <span class='ocrx_word' id='word_1_37' title='bbox 728 781 836 866; x_wconf 76' lang='grc' dir='ltr'><em>ἄνδρα</em></span> <span class='ocrx_word' id='word_1_38' title='bbox 860 783 961 866; x_wconf 85' lang='grc' dir='ltr'><em>φύσει</em></span> <span class='ocrx_word' id='word_1_39' title='bbox 984 779 1012 847; x_wconf 90' lang='grc' dir='ltr'><em>τ’</em></span> <span class='ocrx_word' id='word_1_40' title='bbox 1039 783 1132 848; x_wconf 88' lang='grc' dir='ltr'><em>εὐδι-</em></span> 
     </span>
     <span class='ocr_line' id='line_1_7' title="bbox 111 885 1132 974; baseline -0.001 -19"><span class='ocrx_word' id='word_1_41' title='bbox 111 890 276 955; x_wconf 80' lang='grc' dir='ltr'><em>άλλακτον</em></span> <span class='ocrx_word' id='word_1_42' title='bbox 308 890 390 953; x_wconf 81' lang='grc' dir='ltr'><em>ὄντα</em></span> <span class='ocrx_word' id='word_1_43' title='bbox 419 885 474 953; x_wconf 81' lang='grc' dir='ltr'><em>καὶ</em></span> <span class='ocrx_word' id='word_1_44' title='bbox 502 886 564 952; x_wconf 83' lang='grc' dir='ltr'><em>οὐκ</em></span> <span class='ocrx_word' id='word_1_45' title='bbox 592 886 749 965; x_wconf 73' lang='grc' dir='ltr'><em>ἀξιοῦντα</em></span> <span class='ocrx_word' id='word_1_46' title='bbox 776 890 922 974; x_wconf 90' lang='grc' dir='ltr'><em>πόλεμον</em></span> <span class='ocrx_word' id='word_1_47' title='bbox 950 891 1132 956; x_wconf 75' lang='grc' dir='ltr'><em>ἄσπειστον</em></span> 
     </span>
     <span class='ocr_line' id='line_1_8' title="bbox 110 992 1134 1082; baseline -0.002 -20"><span class='ocrx_word' id='word_1_48' title='bbox 110 994 257 1082; x_wconf 80' lang='grc' dir='ltr'><em>θυγατρὶ</em></span> <span class='ocrx_word' id='word_1_49' title='bbox 280 993 335 1060; x_wconf 81' lang='grc' dir='ltr'><em>καὶ</em></span> <span class='ocrx_word' id='word_1_50' title='bbox 357 997 496 1082; x_wconf 75' lang='grc' dir='ltr'><em>γαμβρῷ</em></span> <span class='ocrx_word' id='word_1_51' title='bbox 520 999 688 1079; x_wconf 80' lang='grc' dir='ltr'><em>πολεμεῖν,</em></span> <span class='ocrx_word' id='word_1_52' title='bbox 712 992 825 1077; x_wconf 80' lang='grc' dir='ltr'><em>ἐπειδὴ</em></span> <span class='ocrx_word' id='word_1_53' title='bbox 846 996 907 1060; x_wconf 92' lang='grc' dir='ltr'><em>τὸν</em></span> <span class='ocrx_word' id='word_1_54' title='bbox 922 996 1045 1061; x_wconf 89' lang='grc' dir='ltr'><em>οίκεῖον</em></span> <span class='ocrx_word' id='word_1_55' title='bbox 1059 1019 1134 1060; x_wconf 93' lang='grc' dir='ltr'><em>και-</em></span> 
     </span>
     <span class='ocr_line' id='line_1_9' title="bbox 113 1098 1134 1189; baseline -0.001 -21"><span class='ocrx_word' id='word_1_56' title='bbox 113 1104 174 1189; x_wconf 91' lang='grc' dir='ltr'><em>ρὸν</em></span> <span class='ocrx_word' id='word_1_57' title='bbox 193 1105 290 1185; x_wconf 79' lang='grc' dir='ltr'><em>ἔλαβε</em></span> <span class='ocrx_word' id='word_1_58' title='bbox 310 1098 591 1185; x_wconf 79' lang='grc' dir='ltr'><em>διεσκεδασμένου</em></span> <span class='ocrx_word' id='word_1_59' title='bbox 609 1108 670 1164; x_wconf 86' lang='grc' dir='ltr'><em>τοῦ</em></span> <span class='ocrx_word' id='word_1_60' title='bbox 690 1100 799 1184; x_wconf 77' lang='grc' dir='ltr'><em>δήμου</em></span> <span class='ocrx_word' id='word_1_61' title='bbox 817 1101 900 1165; x_wconf 90' lang='grc' dir='ltr'><em>κατδι</em></span> <span class='ocrx_word' id='word_1_62' title='bbox 913 1104 992 1179; x_wconf 87' lang='grc' dir='ltr'><em>τοὺς</em></span> <span class='ocrx_word' id='word_1_63' title='bbox 1006 1101 1134 1188; x_wconf 84' lang='grc' dir='ltr'><em>ἀγροὺς</em></span> 
     </span>
     <span class='ocr_line' id='line_1_10' title="bbox 113 1206 1134 1292; baseline -0.001 -17"><span class='ocrx_word' id='word_1_64' title='bbox 113 1208 166 1276; x_wconf 80' lang='grc' dir='ltr'><em>ἐπὶ</em></span> <span class='ocrx_word' id='word_1_65' title='bbox 196 1209 258 1292; x_wconf 83' lang='grc' dir='ltr'><em>την</em></span> <span class='ocrx_word' id='word_1_66' title='bbox 287 1218 355 1272; x_wconf 84' lang='grc' dir='ltr'><em>τῶν</em></span> <span class='ocrx_word' id='word_1_67' title='bbox 384 1217 522 1292; x_wconf 85' lang='grc' dir='ltr'><em>καρπῶν</em></span> <span class='ocrx_word' id='word_1_68' title='bbox 554 1207 776 1291; x_wconf 80' lang='grc' dir='ltr'><em>συγκομιδήν,</em></span> <span class='ocrx_word' id='word_1_69' title='bbox 807 1206 926 1291; x_wconf 79' lang='grc' dir='ltr'><em>ἐξῆλθε</em></span> <span class='ocrx_word' id='word_1_70' title='bbox 955 1209 1036 1291; x_wconf 88' lang='grc' dir='ltr'><em>μετδι</em></span> <span class='ocrx_word' id='word_1_71' title='bbox 1063 1220 1134 1274; x_wconf 83' lang='grc' dir='ltr'><em>τῶν</em></span> 
     </span>
     <span class='ocr_line' id='line_1_11' title="bbox 74 1313 1135 1400; baseline 0 -19"><span class='ocrx_word' id='word_1_72' title='bbox 74 1332 100 1372; x_wconf 88' lang='lat'><em>1⁰</em></span> <span class='ocrx_word' id='word_1_73' title='bbox 114 1314 256 1400; x_wconf 77' lang='grc' dir='ltr'><em>ἑταίρων</em></span> <span class='ocrx_word' id='word_1_74' title='bbox 284 1313 430 1398; x_wconf 83' lang='grc' dir='ltr'><em>ἐχόντων</em></span> <span class='ocrx_word' id='word_1_75' title='bbox 459 1313 524 1378; x_wconf 85' lang='grc' dir='ltr'><em>ὑπὸ</em></span> <span class='ocrx_word' id='word_1_76' title='bbox 551 1323 623 1389; x_wconf 89' lang='grc' dir='ltr'><em>ταῖς</em></span> <span class='ocrx_word' id='word_1_77' title='bbox 650 1317 842 1399; x_wconf 81' lang='grc' dir='ltr'><em>περιβολαῖς</em></span> <span class='ocrx_word' id='word_1_78' title='bbox 870 1313 965 1399; x_wconf 83' lang='grc' dir='ltr'><em>ξίφη,</em></span> <span class='ocrx_word' id='word_1_79' title='bbox 995 1316 1075 1392; x_wconf 86' lang='grc' dir='ltr'><em>τούς</em></span> <span class='ocrx_word' id='word_1_80' title='bbox 1098 1338 1135 1381; x_wconf 87' lang='grc' dir='ltr'><em>τε</em></span> 
     </span>
     <span class='ocr_line' id='line_1_12' title="bbox 115 1417 1135 1507; baseline -0.002 -19"><span class='ocrx_word' id='word_1_81' title='bbox 115 1420 265 1498; x_wconf 82' lang='grc' dir='ltr'><em>πελέκεις</em></span> <span class='ocrx_word' id='word_1_82' title='bbox 287 1417 466 1507; x_wconf 78' lang='grc' dir='ltr'><em>ὑπηρέταις</em></span> <span class='ocrx_word' id='word_1_83' title='bbox 490 1418 580 1484; x_wconf 81' lang='grc' dir='ltr'><em>τισὶν</em></span> <span class='ocrx_word' id='word_1_84' title='bbox 602 1419 749 1498; x_wconf 81' lang='grc' dir='ltr'><em>ἀναδοὺς</em></span> <span class='ocrx_word' id='word_1_85' title='bbox 767 1418 822 1485; x_wconf 81' lang='grc' dir='ltr'><em>καὶ</em></span> <span class='ocrx_word' id='word_1_86' title='bbox 841 1420 940 1498; x_wconf 85' lang='grc' dir='ltr'><em>αὐτὸς</em></span> <span class='ocrx_word' id='word_1_87' title='bbox 957 1421 1020 1505; x_wconf 79' lang='grc' dir='ltr'><em>τὴν</em></span> <span class='ocrx_word' id='word_1_88' title='bbox 1038 1423 1135 1504; x_wconf 89' lang='grc' dir='ltr'><em>βασι-</em></span> 
     </span>
     <span class='ocr_line' id='line_1_13' title="bbox 114 1520 1137 1614; baseline -0.001 -21"><span class='ocrx_word' id='word_1_89' title='bbox 114 1530 213 1613; x_wconf 83' lang='grc' dir='ltr'><em>λικην</em></span> <span class='ocrx_word' id='word_1_90' title='bbox 241 1527 366 1611; x_wconf 74' lang='grc' dir='ltr'><em>ἐσθῆτα</em></span> <span class='ocrx_word' id='word_1_91' title='bbox 394 1527 508 1608; x_wconf 82' lang='grc' dir='ltr'><em>λαβὼν</em></span> <span class='ocrx_word' id='word_1_92' title='bbox 536 1523 593 1591; x_wconf 81' lang='grc' dir='ltr'><em>καὶ</em></span> <span class='ocrx_word' id='word_1_93' title='bbox 619 1520 723 1591; x_wconf 81' lang='grc' dir='ltr'><em>τᾶλλα</em></span> <span class='ocrx_word' id='word_1_94' title='bbox 749 1527 927 1612; x_wconf 77' lang='grc' dir='ltr'><em>παράσημα</em></span> <span class='ocrx_word' id='word_1_95' title='bbox 949 1536 1007 1611; x_wconf 78' lang='grc' dir='ltr'><em>τῆς</em></span> <span class='ocrx_word' id='word_1_96' title='bbox 1030 1526 1137 1614; x_wconf 74' lang='grc' dir='ltr'><em>ἀρχῆς</em></span> 
     </span>
     <span class='ocr_line' id='line_1_14' title="bbox 115 1628 1136 1720; baseline -0.001 -19"><span class='ocrx_word' id='word_1_97' title='bbox 115 1637 332 1720; x_wconf 80' lang='grc' dir='ltr'><em>ἐπαγόμενος·</em></span> <span class='ocrx_word' id='word_1_98' title='bbox 365 1632 477 1699; x_wconf 82' lang='grc' dir='ltr'><em>ἐλθών</em></span> <span class='ocrx_word' id='word_1_99' title='bbox 508 1628 539 1697; x_wconf 93' lang='grc' dir='ltr'><em>δ’</em></span> <span class='ocrx_word' id='word_1_100' title='bbox 569 1634 616 1709; x_wconf 89' lang='grc' dir='ltr'><em>είς</em></span> <span class='ocrx_word' id='word_1_101' title='bbox 645 1633 707 1715; x_wconf 81' lang='grc' dir='ltr'><em>την</em></span> <span class='ocrx_word' id='word_1_102' title='bbox 735 1632 863 1720; x_wconf 82' lang='grc' dir='ltr'><em>όγορδιν</em></span> <span class='ocrx_word' id='word_1_103' title='bbox 892 1630 948 1698; x_wconf 77' lang='grc' dir='ltr'><em>καὶ</em></span> <span class='ocrx_word' id='word_1_104' title='bbox 977 1635 1041 1720; x_wconf 88' lang='grc' dir='ltr'><em>πρὸ</em></span> <span class='ocrx_word' id='word_1_105' title='bbox 1072 1643 1136 1700; x_wconf 86' lang='grc' dir='ltr'><em>τοῦ</em></span> 
     </span>
     <span class='ocr_line' id='line_1_15' title="bbox 115 1737 1138 1827; baseline -0.003 -19"><span class='ocrx_word' id='word_1_106' title='bbox 115 1743 358 1827; x_wconf 86' lang='grc' dir='ltr'><em>βουλευτηρίου</em></span> <span class='ocrx_word' id='word_1_107' title='bbox 382 1739 461 1816; x_wconf 84' lang='grc' dir='ltr'><em>στδις</em></span> <span class='ocrx_word' id='word_1_108' title='bbox 485 1737 636 1805; x_wconf 83' lang='grc' dir='ltr'><em>ἐκέλευσε</em></span> <span class='ocrx_word' id='word_1_109' title='bbox 653 1746 699 1826; x_wconf 76' lang='grc' dir='ltr'><em>τῷ</em></span> <span class='ocrx_word' id='word_1_110' title='bbox 718 1741 838 1824; x_wconf 79' lang='grc' dir='ltr'><em>κηρυκι</em></span> <span class='ocrx_word' id='word_1_111' title='bbox 856 1742 935 1816; x_wconf 84' lang='grc' dir='ltr'><em>τοὺς</em></span> <span class='ocrx_word' id='word_1_112' title='bbox 950 1741 1138 1823; x_wconf 80' lang='grc' dir='ltr'><em>βουλευτὰς</em></span> 
     </span>
     <span class='ocr_line' id='line_1_16' title="bbox 77 1838 1138 1931; baseline -0.003 -16"><span class='ocrx_word' id='word_1_113' title='bbox 77 1865 102 1906; x_wconf 84' lang='lat'><em>1⁵</em></span> <span class='ocrx_word' id='word_1_114' title='bbox 116 1853 230 1915; x_wconf 90' lang='grc' dir='ltr'><em>καλεῖν</em></span> <span class='ocrx_word' id='word_1_115' title='bbox 253 1847 301 1922; x_wconf 87' lang='grc' dir='ltr'><em>είς</em></span> <span class='ocrx_word' id='word_1_116' title='bbox 323 1847 360 1910; x_wconf 86' lang='grc' dir='ltr'><em>τὸ</em></span> <span class='ocrx_word' id='word_1_117' title='bbox 383 1843 573 1930; x_wconf 86' lang='grc' dir='ltr'><em>συνέδριον.</em></span> <span class='ocrx_word' id='word_1_118' title='bbox 609 1840 696 1927; x_wconf 78' lang='grc' dir='ltr'><em>ἦσαν</em></span> <span class='ocrx_word' id='word_1_119' title='bbox 716 1838 749 1909; x_wconf 86' lang='grc' dir='ltr'><em>δ’</em></span> <span class='ocrx_word' id='word_1_120' title='bbox 768 1843 805 1909; x_wconf 83' lang='grc' dir='ltr'><em>ἐκ</em></span> <span class='ocrx_word' id='word_1_121' title='bbox 822 1855 1032 1931; x_wconf 76' lang='grc' dir='ltr'><em>παρασκευῆς</em></span> <span class='ocrx_word' id='word_1_122' title='bbox 1050 1846 1138 1912; x_wconf 79' lang='grc' dir='ltr'><em>ἕτοι-</em></span> 
     </span>
     <span class='ocr_line' id='line_1_17' title="bbox 117 1950 1192 2040; baseline 0 -21"><span class='ocrx_word' id='word_1_123' title='bbox 117 1978 175 2039; x_wconf 91' lang='grc' dir='ltr'><em>μοι</em></span> <span class='ocrx_word' id='word_1_124' title='bbox 202 1950 279 2038; x_wconf 85' lang='grc' dir='ltr'><em>περὶ</em></span> <span class='ocrx_word' id='word_1_125' title='bbox 305 1953 367 2035; x_wconf 82' lang='grc' dir='ltr'><em>την</em></span> <span class='ocrx_word' id='word_1_126' title='bbox 395 1951 523 2036; x_wconf 82' lang='grc' dir='ltr'><em>ἀγορὰν</em></span> <span class='ocrx_word' id='word_1_127' title='bbox 547 1951 582 2016; x_wconf 85' lang='grc' dir='ltr'><em>οί</em></span> <span class='ocrx_word' id='word_1_128' title='bbox 603 1951 794 2036; x_wconf 72' lang='grc' dir='ltr'><em>συνειδότες</em></span> <span class='ocrx_word' id='word_1_129' title='bbox 817 1951 906 2040; x_wconf 74' lang='grc' dir='ltr'><em>αὐτῷ</em></span> <span class='ocrx_word' id='word_1_130' title='bbox 929 1953 991 2036; x_wconf 81' lang='grc' dir='ltr'><em>την</em></span> <span class='ocrx_word' id='word_1_131' title='bbox 1013 1953 1192 2039; x_wconf 72' lang='grc' dir='ltr'><em>πρᾶξινῖεῖ</em></span> 
     </span>
     <span class='ocr_line' id='line_1_18' title="bbox 83 2056 1138 2146; baseline -0.001 -20"><span class='ocrx_word' id='word_1_132' title='bbox 83 2059 174 2128; x_wconf 84' lang='grc' dir='ltr'><em>3καὶ</em></span> <span class='ocrx_word' id='word_1_133' title='bbox 196 2069 432 2146; x_wconf 83' lang='grc' dir='ltr'><em>παρορμῶντες</em></span> <span class='ocrx_word' id='word_1_134' title='bbox 455 2057 491 2122; x_wconf 78' lang='grc' dir='ltr'><em>ἐκ</em></span> <span class='ocrx_word' id='word_1_135' title='bbox 513 2067 582 2122; x_wconf 82' lang='grc' dir='ltr'><em>τῶν</em></span> <span class='ocrx_word' id='word_1_136' title='bbox 598 2059 782 2144; x_wconf 71' lang='grc' dir='ltr'><em>πατρικίφν</em></span> <span class='ocrx_word' id='word_1_137' title='bbox 801 2060 928 2142; x_wconf 83' lang='grc' dir='ltr'><em>συχνοί.</em></span> <span class='ocrx_word' id='word_1_138' title='bbox 961 2059 996 2124; x_wconf 88' lang='grc' dir='ltr'><em>οί</em></span> <span class='ocrx_word' id='word_1_139' title='bbox 1012 2056 1075 2143; x_wconf 74' lang='grc' dir='ltr'><em>μὲν</em></span> <span class='ocrx_word' id='word_1_140' title='bbox 1094 2062 1138 2146; x_wconf 81' lang='grc' dir='ltr'><em>δὴ</em></span> 
     </span>
     <span class='ocr_line' id='line_1_19' title="bbox 118 2160 1136 2254; baseline -0.002 -20"><span class='ocrx_word' id='word_1_141' title='bbox 118 2166 300 2254; x_wconf 81' lang='grc' dir='ltr'><em>συνῄεσαν·</em></span> <span class='ocrx_word' id='word_1_142' title='bbox 337 2172 383 2253; x_wconf 76' lang='grc' dir='ltr'><em>τῷ</em></span> <span class='ocrx_word' id='word_1_143' title='bbox 412 2160 449 2229; x_wconf 74' lang='grc' dir='ltr'><em>δὲ</em></span> <span class='ocrx_word' id='word_1_144' title='bbox 478 2165 609 2250; x_wconf 85' lang='grc' dir='ltr'><em>Τυλλίφ</em></span> <span class='ocrx_word' id='word_1_145' title='bbox 631 2162 727 2246; x_wconf 79' lang='grc' dir='ltr'><em>λέγει</em></span> <span class='ocrx_word' id='word_1_146' title='bbox 753 2187 803 2241; x_wconf 89' lang='grc' dir='ltr'><em>τις</em></span> <span class='ocrx_word' id='word_1_147' title='bbox 831 2164 942 2230; x_wconf 78' lang='grc' dir='ltr'><em>ἐλθών</em></span> <span class='ocrx_word' id='word_1_148' title='bbox 965 2167 1039 2231; x_wconf 85' lang='grc' dir='ltr'><em>όντι</em></span> <span class='ocrx_word' id='word_1_149' title='bbox 1061 2165 1136 2232; x_wconf 91' lang='grc' dir='ltr'><em>κατ’</em></span> 
     </span>
     <span class='ocr_line' id='line_1_20' title="bbox 119 2269 1141 2358; baseline -0.002 -17"><span class='ocrx_word' id='word_1_150' title='bbox 119 2277 240 2358; x_wconf 86' lang='grc' dir='ltr'><em>οίκίαν,</em></span> <span class='ocrx_word' id='word_1_151' title='bbox 265 2273 315 2338; x_wconf 85' lang='grc' dir='ltr'><em>ότι</em></span> <span class='ocrx_word' id='word_1_152' title='bbox 339 2271 525 2357; x_wconf 86' lang='grc' dir='ltr'><em>Ταρκύνιος</em></span> <span class='ocrx_word' id='word_1_153' title='bbox 548 2269 585 2336; x_wconf 85' lang='grc' dir='ltr'><em>έν</em></span> <span class='ocrx_word' id='word_1_154' title='bbox 608 2269 726 2354; x_wconf 78' lang='grc' dir='ltr'><em>ἐσθῆτι</em></span> <span class='ocrx_word' id='word_1_155' title='bbox 749 2273 903 2356; x_wconf 76' lang='grc' dir='ltr'><em>βασιλικῇ</em></span> <span class='ocrx_word' id='word_1_156' title='bbox 917 2274 1141 2357; x_wconf 80' lang='grc' dir='ltr'><em>,προελήλυθε</em></span> 
     </span>
     <span class='ocr_line' id='line_1_21' title="bbox 80 2375 1140 2464; baseline -0.004 -16"><span class='ocrx_word' id='word_1_157' title='bbox 80 2399 106 2438; x_wconf 76' lang='lat'><em>20</em></span> <span class='ocrx_word' id='word_1_158' title='bbox 120 2380 175 2448; x_wconf 81' lang='grc' dir='ltr'><em>καὶ</em></span> <span class='ocrx_word' id='word_1_159' title='bbox 198 2385 291 2446; x_wconf 88' lang='grc' dir='ltr'><em>καλεῖ</em></span> <span class='ocrx_word' id='word_1_160' title='bbox 312 2381 391 2456; x_wconf 87' lang='grc' dir='ltr'><em>τοὺς</em></span> <span class='ocrx_word' id='word_1_161' title='bbox 410 2379 592 2462; x_wconf 80' lang='grc' dir='ltr'><em>βουλευτὰς</em></span> <span class='ocrx_word' id='word_1_162' title='bbox 611 2378 658 2454; x_wconf 90' lang='grc' dir='ltr'><em>είς</em></span> <span class='ocrx_word' id='word_1_163' title='bbox 675 2378 713 2442; x_wconf 89' lang='grc' dir='ltr'><em>τὸ</em></span> <span class='ocrx_word' id='word_1_164' title='bbox 732 2376 922 2464; x_wconf 80' lang='grc' dir='ltr'><em>συνέδριον.</em></span> <span class='ocrx_word' id='word_1_165' title='bbox 960 2375 1033 2444; x_wconf 68' lang='grc' dir='ltr'><em>ὁδε</em></span> <span class='ocrx_word' id='word_1_166' title='bbox 1052 2385 1140 2445; x_wconf 91' lang='grc' dir='ltr'><em>θαυ-</em></span> 
     </span>
     <span class='ocr_line' id='line_1_22' title="bbox 120 2483 1141 2573; baseline -0.001 -20"><span class='ocrx_word' id='word_1_167' title='bbox 120 2490 227 2573; x_wconf 84' lang='grc' dir='ltr'><em>μοίσας</em></span> <span class='ocrx_word' id='word_1_168' title='bbox 249 2488 311 2571; x_wconf 82' lang='grc' dir='ltr'><em>την</em></span> <span class='ocrx_word' id='word_1_169' title='bbox 334 2488 459 2569; x_wconf 89' lang='grc' dir='ltr'><em>τόλμαν</em></span> <span class='ocrx_word' id='word_1_170' title='bbox 483 2484 588 2549; x_wconf 84' lang='grc' dir='ltr'><em>αὐτοῦ</em></span> <span class='ocrx_word' id='word_1_171' title='bbox 611 2484 726 2568; x_wconf 80' lang='grc' dir='ltr'><em>τάχιον</em></span> <span class='ocrx_word' id='word_1_172' title='bbox 736 2483 765 2573; x_wconf 78' lang='grc' dir='ltr'><strong><em>ἣ</em></strong></span> <span class='ocrx_word' id='word_1_173' title='bbox 785 2486 1038 2571; x_wconf 85' lang='grc' dir='ltr'><em>φρονιμώτερον</em></span> <span class='ocrx_word' id='word_1_174' title='bbox 1057 2507 1141 2573; x_wconf 91' lang='grc' dir='ltr'><em>προ-</em></span> 
     </span>
     <span class='ocr_line' id='line_1_23' title="bbox 120 2589 1141 2679; baseline -0.001 -20"><span class='ocrx_word' id='word_1_175' title='bbox 120 2600 227 2679; x_wconf 78' lang='grc' dir='ltr'><em>ῆλθεν</em></span> <span class='ocrx_word' id='word_1_176' title='bbox 260 2593 296 2658; x_wconf 82' lang='grc' dir='ltr'><em>ἐκ</em></span> <span class='ocrx_word' id='word_1_177' title='bbox 327 2601 385 2675; x_wconf 81' lang='grc' dir='ltr'><em>της</em></span> <span class='ocrx_word' id='word_1_178' title='bbox 417 2592 523 2667; x_wconf 86' lang='grc' dir='ltr'><em>οίκίας</em></span> <span class='ocrx_word' id='word_1_179' title='bbox 550 2590 592 2655; x_wconf 87' lang='grc' dir='ltr'><em>οὐ</em></span> <span class='ocrx_word' id='word_1_180' title='bbox 620 2592 765 2667; x_wconf 86' lang='grc' dir='ltr'><em>πολλοὺς</em></span> <span class='ocrx_word' id='word_1_181' title='bbox 791 2589 868 2676; x_wconf 81' lang='grc' dir='ltr'><em>περὶ</em></span> <span class='ocrx_word' id='word_1_182' title='bbox 896 2590 1016 2657; x_wconf 82' lang='grc' dir='ltr'><em>ἑαυτὸν</em></span> <span class='ocrx_word' id='word_1_183' title='bbox 1043 2595 1141 2677; x_wconf 84' lang='grc' dir='ltr'><em>ἔχων.</em></span> 
     </span>
     <span class='ocr_line' id='line_1_24' title="bbox 122 2692 1141 2783; baseline -0.001 -17"><span class='ocrx_word' id='word_1_184' title='bbox 122 2699 235 2766; x_wconf 82' lang='grc' dir='ltr'><em>ἐλθὼν</em></span> <span class='ocrx_word' id='word_1_185' title='bbox 265 2695 294 2762; x_wconf 85' lang='grc' dir='ltr'><em>δ’</em></span> <span class='ocrx_word' id='word_1_186' title='bbox 323 2698 369 2772; x_wconf 87' lang='grc' dir='ltr'><em>είς</em></span> <span class='ocrx_word' id='word_1_187' title='bbox 396 2697 433 2760; x_wconf 90' lang='grc' dir='ltr'><em>τὸ</em></span> <span class='ocrx_word' id='word_1_188' title='bbox 465 2692 645 2778; x_wconf 86' lang='grc' dir='ltr'><em>συνέδριον</em></span> <span class='ocrx_word' id='word_1_189' title='bbox 672 2694 727 2761; x_wconf 81' lang='grc' dir='ltr'><em>καὶ</em></span> <span class='ocrx_word' id='word_1_190' title='bbox 754 2698 814 2760; x_wconf 90' lang='grc' dir='ltr'><em>τὸν</em></span> <span class='ocrx_word' id='word_1_191' title='bbox 842 2699 1031 2783; x_wconf 85' lang='grc' dir='ltr'><em>Ταρκύνιον</em></span> <span class='ocrx_word' id='word_1_192' title='bbox 1056 2701 1141 2765; x_wconf 80' lang='grc' dir='ltr'><em>ἰδὼν</em></span> 
     </span>
     <span class='ocr_line' id='line_1_25' title="bbox 123 2802 1141 2890; baseline 0 -18"><span class='ocrx_word' id='word_1_193' title='bbox 123 2804 176 2872; x_wconf 79' lang='grc' dir='ltr'><em>ἐπὶ</em></span> <span class='ocrx_word' id='word_1_194' title='bbox 207 2813 266 2888; x_wconf 80' lang='grc' dir='ltr'><em>τῆς</em></span> <span class='ocrx_word' id='word_1_195' title='bbox 297 2807 469 2886; x_wconf 76' lang='grc' dir='ltr'><em>βασιλικῆς</em></span> <span class='ocrx_word' id='word_1_196' title='bbox 502 2805 697 2887; x_wconf 82' lang='grc' dir='ltr'><em>καθήμενον</em></span> <span class='ocrx_word' id='word_1_197' title='bbox 729 2802 827 2890; x_wconf 82' lang='grc' dir='ltr'><em>έδρας</em></span> <span class='ocrx_word' id='word_1_198' title='bbox 858 2802 914 2870; x_wconf 77' lang='grc' dir='ltr'><em>καὶ</em></span> <span class='ocrx_word' id='word_1_199' title='bbox 944 2807 1005 2870; x_wconf 89' lang='grc' dir='ltr'><em>τὸν</em></span> <span class='ocrx_word' id='word_1_200' title='bbox 1035 2807 1141 2872; x_wconf 76' lang='grc' dir='ltr'><em>ἄλλον</em></span> 
     </span>
     <span class='ocr_line' id='line_1_26' title="bbox 72 2892 1141 3007; baseline 0.001 -29"><span class='ocrx_word' id='word_1_201' title='bbox 72 2892 110 3007; x_wconf 57' lang='lat'><em>2¹}</em></span> <span class='ocrx_word' id='word_1_202' title='bbox 124 2914 295 2996; x_wconf 89' lang='grc' dir='ltr'><em>βασίλειον</em></span> <span class='ocrx_word' id='word_1_203' title='bbox 325 2912 443 2994; x_wconf 81' lang='grc' dir='ltr'><em>ἔχοντα</em></span> <span class='ocrx_word' id='word_1_204' title='bbox 474 2910 615 2993; x_wconf 85' lang='grc' dir='ltr'><em>κόσμον·</em></span> <span class='ocrx_word' id='word_1_205' title='bbox 656 2912 726 2994; x_wconf 86' lang='grc' dir='ltr'><em>Τίς,</em></span> <span class='ocrx_word' id='word_1_206' title='bbox 760 2905 867 2994; x_wconf 81' lang='grc' dir='ltr'><em>εἶπεν,</em></span> <span class='ocrx_word' id='word_1_207' title='bbox 900 2907 926 2976; x_wconf 83' lang='grc' dir='ltr'><strong>ὧ</strong></span> <span class='ocrx_word' id='word_1_208' title='bbox 954 2913 1141 2998; x_wconf 80' lang='grc' dir='ltr'><em>μιαρώτατε</em></span> 
     </span>
     <span class='ocr_line' id='line_1_27' title="bbox 124 3017 1142 3106; baseline 0 -22"><span class='ocrx_word' id='word_1_209' title='bbox 124 3019 331 3105; x_wconf 85' lang='grc' dir='ltr'><em>ἀνθρώπων,</em></span> <span class='ocrx_word' id='word_1_210' title='bbox 364 3017 463 3080; x_wconf 84' lang='grc' dir='ltr'><em>τοῦτό</em></span> <span class='ocrx_word' id='word_1_211' title='bbox 494 3030 549 3079; x_wconf 92' lang='grc' dir='ltr'><em>σοι</em></span> <span class='ocrx_word' id='word_1_212' title='bbox 578 3017 615 3080; x_wconf 92' lang='grc' dir='ltr'><em>τὸ</em></span> <span class='ocrx_word' id='word_1_213' title='bbox 644 3025 752 3100; x_wconf 72' lang='grc' dir='ltr'><em>σχῆμα</em></span> <span class='ocrx_word' id='word_1_214' title='bbox 775 3018 987 3103; x_wconf 85' lang='grc' dir='ltr'><em>συνεχώρησε</em></span> <span class='ocrx_word' id='word_1_215' title='bbox 1010 3021 1142 3106; x_wconf 76' lang='grc' dir='ltr'><em>λαβεῖν;</em></span> 
     </span>
     <span class='ocr_line' id='line_1_28' title="bbox 197 3172 1142 3232; baseline 0 0"><span class='ocrx_word' id='word_1_216' title='bbox 197 3172 264 3232; x_wconf 71' lang='grc' dir='ltr'><em>ῖδε</em></span> <span class='ocrx_word' id='word_1_217' title='bbox 284 3173 347 3229; x_wconf 79' lang='grc' dir='ltr'><em>εδδ.</em></span> <span class='ocrx_word' id='word_1_218' title='bbox 367 3172 444 3226; x_wconf 82' lang='lat' dir='ltr'><em>ABb</em></span> <span class='ocrx_word' id='word_1_219' title='bbox 464 3189 517 3226; x_wconf 88' lang='lat' dir='ltr'><em>om.</em></span> <span class='ocrx_word' id='word_1_220' title='bbox 537 3173 563 3226; x_wconf 85' lang='lat' dir='ltr'><strong>R</strong></span> <span class='ocrx_word' id='word_1_221' title='bbox 581 3172 635 3228; x_wconf 84' lang='lat' dir='ltr'>del.</span> <span class='ocrx_word' id='word_1_222' title='bbox 654 3172 758 3227; x_wconf 82' lang='lat' dir='ltr'>Reiske</span> <span class='ocrx_word' id='word_1_223' title='bbox 814 3181 829 3229; x_wconf 88' lang='grc'><strong>6</strong></span> <span class='ocrx_word' id='word_1_224' title='bbox 850 3174 1000 3230; x_wconf 78' lang='grc' dir='ltr'><em>ἄσπειστον</em></span> <span class='ocrx_word' id='word_1_225' title='bbox 1018 3176 1041 3228; x_wconf 92' lang='grc' dir='ltr'>Β</span> <span class='ocrx_word' id='word_1_226' title='bbox 1075 3175 1142 3232; x_wconf 81' lang='grc' dir='ltr'><em>ότι-</em></span> 
     </span>
     <span class='ocr_line' id='line_1_29' title="bbox 126 3239 1144 3374; baseline -0.003 -69"><span class='ocrx_word' id='word_1_227' title='bbox 126 3267 192 3305; x_wconf 91' lang='grc' dir='ltr'><em>στον</em></span> <span class='ocrx_word' id='word_1_228' title='bbox 211 3248 237 3300; x_wconf 76' lang='lat' dir='ltr'>R</span> <span class='ocrx_word' id='word_1_229' title='bbox 328 3252 360 3300; x_wconf 91' lang='lat'><em>10</em></span> <span class='ocrx_word' id='word_1_230' title='bbox 380 3239 542 3374; x_wconf 45' lang='grc' dir='ltr'><em>ἕτὲαί&gt;ρων</em></span> <span class='ocrx_word' id='word_1_231' title='bbox 561 3244 608 3298; x_wconf 89' lang='lat' dir='ltr'><em>Bb</em></span> <span class='ocrx_word' id='word_1_232' title='bbox 699 3251 732 3298; x_wconf 80' lang='lat'><em>12</em></span> <span class='ocrx_word' id='word_1_233' title='bbox 751 3246 902 3336; x_wconf 77' lang='grc' dir='ltr'><em>ἀναλαβών</em></span> <span class='ocrx_word' id='word_1_234' title='bbox 921 3244 943 3300; x_wconf 90' lang='lat' dir='ltr'>O</span> <span class='ocrx_word' id='word_1_235' title='bbox 962 3263 1032 3300; x_wconf 82' lang='lat' dir='ltr'>corr.</span> <span class='ocrx_word' id='word_1_236' title='bbox 1053 3246 1144 3336; x_wconf 44' lang='grc' dir='ltr'><em>ῥοθεῖ</em></span> 
     </span>
     <span class='ocr_line' id='line_1_30' title="bbox 126 3314 1141 3390; baseline -0.003 -15"><span class='ocrx_word' id='word_1_237' title='bbox 126 3320 192 3375; x_wconf 82' lang='lat' dir='ltr'>Obs.</span> <span class='ocrx_word' id='word_1_238' title='bbox 210 3337 237 3389; x_wconf 87' lang='lat' dir='ltr'><em>p.</em></span> <span class='ocrx_word' id='word_1_239' title='bbox 258 3324 292 3372; x_wconf 76' lang='lat'><em>85</em></span> <span class='ocrx_word' id='word_1_240' title='bbox 367 3322 400 3370; x_wconf 87' lang='grc'><em>14</em></span> <span class='ocrx_word' id='word_1_241' title='bbox 433 3317 570 3373; x_wconf 86' lang='grc' dir='ltr'><em>κελευεΒ</em></span> <span class='ocrx_word' id='word_1_242' title='bbox 646 3322 678 3371; x_wconf 88' lang='grc'><em>18</em></span> <span class='ocrx_word' id='word_1_243' title='bbox 698 3314 875 3379; x_wconf 86' lang='grc' dir='ltr'><em>είςελθωνΑ</em></span> <span class='ocrx_word' id='word_1_244' title='bbox 931 3323 965 3371; x_wconf 81' lang='grc'><em>23</em></span> <span class='ocrx_word' id='word_1_245' title='bbox 983 3315 1141 3390; x_wconf 88' lang='grc' dir='ltr'><em>&lt;ί&gt;δωνΒ</em></span> 
     </span>
    </p>
   </div>
   <div class='ocr_carea' id='block_1_3' title="bbox 127 3387 1143 3534">
    <p class='ocr_par' dir='ltr' id='par_1_3' title="bbox 127 3387 1143 3534">
     <span class='ocr_line' id='line_1_31' title="bbox 162 3387 1143 3461; baseline -0.002 -16"><span class='ocrx_word' id='word_1_246' title='bbox 162 3397 197 3445; x_wconf 82' lang='grc'><em>24</em></span> <span class='ocrx_word' id='word_1_247' title='bbox 217 3387 341 3460; x_wconf 80' lang='grc' dir='ltr'><em>έδραςΒ</em></span> <span class='ocrx_word' id='word_1_248' title='bbox 377 3389 524 3460; x_wconf 84' lang='grc' dir='ltr'><em>καθέδρας</em></span> <span class='ocrx_word' id='word_1_249' title='bbox 542 3387 567 3439; x_wconf 91' lang='lat' dir='ltr'><strong>R</strong></span> <span class='ocrx_word' id='word_1_250' title='bbox 621 3393 655 3441; x_wconf 78' lang='lat'><em>‘24</em></span> <span class='ocrx_word' id='word_1_251' title='bbox 674 3388 815 3458; x_wconf 83' lang='grc' dir='ltr'><em>βασίλειον</em></span> <span class='ocrx_word' id='word_1_252' title='bbox 832 3390 858 3442; x_wconf 85' lang='grc' dir='ltr'><strong>Α</strong></span> <span class='ocrx_word' id='word_1_253' title='bbox 888 3389 938 3444; x_wconf 89' lang='grc' dir='ltr'><em>τὸν</em></span> <span class='ocrx_word' id='word_1_254' title='bbox 957 3390 1143 3461; x_wconf 82' lang='grc' dir='ltr'><em>βασιλεῖονΒ</em></span> 
     </span>
     <span class='ocr_line' id='line_1_32' title="bbox 127 3459 500 3534; baseline -0.008 -18"><span class='ocrx_word' id='word_1_255' title='bbox 127 3470 182 3516; x_wconf 87' lang='grc' dir='ltr'><em>τῶν</em></span> <span class='ocrx_word' id='word_1_256' title='bbox 202 3459 337 3534; x_wconf 86' lang='grc' dir='ltr'><em>βασιλέων</em></span> <span class='ocrx_word' id='word_1_257' title='bbox 355 3459 500 3529; x_wconf 81' lang='lat' dir='ltr'>Kiessling</span> 
     </span>
    </p>
   </div>
   <div class='ocr_carea' id='block_1_4' title="bbox 164 3586 248 3620">
    <p class='ocr_par' dir='ltr' id='par_1_4' title="bbox 164 3586 248 3620">
     <span class='ocr_line' id='line_1_33' title="bbox 164 3586 248 3620; baseline 0 0"><span class='ocrx_word' id='word_1_258' title='bbox 164 3586 248 3620; x_wconf 51' lang='grc' dir='ltr'><strong>Α</strong></span> 
     </span>
    </p>
   </div>
   <div class='ocr_carea' id='block_1_5' title="bbox 0 0 1226 3840">
    <p class='ocr_par' dir='ltr' id='par_1_5' title="bbox 0 0 1226 3840">
     <span class='ocr_line' id='line_1_34' title="bbox 0 0 1226 3840; baseline 0 0"><span class='ocrx_word' id='word_1_259' title='bbox 0 0 1226 3840; x_wconf 95' lang='lat' dir='ltr'><em> </em></span> 
     </span>
    </p>
   </div>
  </div>
 </body>
</html>
