2414 3840
444 189 656 252 ‚4-

71 360 256 444 ἀναγκαλον
280 360 394 438 ἔδοξεν
418 354 503 425 είύαι
525 361 583 436 τὰς
606 360 772 446 ἀρχηγοὺς
794 371 852 445 τῆς
875 362 1087 446 διχοστασίας

70 466 256 553 προφάσεις
287 470 418 552 γνῶναί
445 489 481 532 τε
513 464 568 531 καὶ
599 475 733 531 παῦσαι.
780 467 934 552 εὑρόντες
964 465 1001 533 δὲ
1028 470 1086 545 τὰς

71 574 259 657 ἀποτόμους
281 582 349 637 τῶν
369 570 517 638 δανείων
535 571 734 657 ἀναπράξεις
751 582 819 637 τῶν
837 575 1015 659 παρόντων
1029 599 1086 640 κα-
1108 613 1111 619 -

70 689 140 745 κῶν
159 680 265 754 αἰτίας
282 682 469 761 γεγονυίας,
493 678 598 754 οὕτως
617 678 718 754 αύτὰς
737 679 980 764 διορθούμεθα.
1007 682 1086 758 τοὺς

70 787 268 870 ὀφείλοντας
290 782 369 870 χρέα
390 779 508 868 καὶμὴ
529 781 738 867 δυναμένους
757 785 983 850 διαλύσασθαι
1001 787 1110 851 πάν·5

69 915 129 967 τας
159 890 320 974 ἀφεῖσθαι
347 900 414 953 τῶν
438 889 640 974 ὀφλημάτων
664 890 874 973 δικαιοῦμεν·
906 889 963 955 καὶ
986 897 1020 956 εί
1036 913 1084 958 τι-

69 1021 142 1063 νων
164 998 228 1080 ἢδη
251 997 292 1060 τὰ
314 997 449 1081 σώματα
472 992 690 1078 ὑπερημέρων
714 997 823 1061 όντων
841 1007 913 1073 ταῖς
931 1008 1085 1082 νομίμοις

68 1105 291 1188 προθεσμίαις
312 1100 496 1185 κατέχεται,
525 1097 577 1164 καὶ
602 1097 693 1165 ταῦτ’
721 1100 882 1184 ἐλεύθερα
906 1098 993 1168 εἶναι
1015 1107 1084 1190 κρί-

69 1228 188 1293 νομεν·
212 1209 286 1274 όσοι
304 1216 339 1273 τε
361 1208 467 1283 δίκαις
486 1205 622 1284 ἁλόντες
640 1208 741 1284 ίδίαις
757 1209 998 1294 παρεδόθησαν
1014 1220 1085 1288 τοῖς

68 1312 402 1398 καταδικασαμένοις,
430 1310 486 1377 καί
508 1312 649 1389 τούτους
672 1311 873 1400 ἐλευθέρους
896 1310 981 1380 εἶναι
1005 1320 1083 1400 βου·
1098 1335 1124 1374 1⁰

16 1423 209 1505 κδνλόμεθα,
230 1417 286 1484 καὶ
302 1420 362 1496 τὰς
378 1420 601 1501 καταγνώσεις
619 1419 730 1497 αὐτῶν
749 1419 894 1507 ἀκύρους
912 1432 1083 1508 ποιοῦμεν.

53 1524 147 1612 -περὶ
173 1522 235 1611 μὲν
258 1526 300 1609 δὴ
323 1535 391 1591 τῶν
414 1524 450 1589 ἐκ
471 1533 532 1589 τοῦ
556 1527 831 1610 παρεληλυθότος
850 1530 976 1612 χρόνον
1000 1528 1118 1614 συμ-5

67 1635 231 1718 βολαίων,
255 1631 276 1696 ἁ
298 1633 360 1715 τὴν
383 1631 566 1696 ἀπόστασιν
589 1629 704 1708 ἔδοξεν
725 1630 807 1715 ἡμῖν
831 1641 982 1716 ποιησαι,
1005 1644 1082 1698 τοῦ-

66 1763 129 1805 τον
152 1737 433 1824 ἐπανορθούμεθα
454 1739 514 1802 τὸν
532 1739 671 1822 τρόπον·
704 1735 780 1822 περὶ
800 1734 837 1803 δὲ
854 1749 922 1803 τῶν
940 1740 1082 1825 ὕστερον

66 1842 255 1930 ἐσομένων,
288 1846 332 1921 ὡς
359 1843 401 1908 ἀν
427 1844 508 1928 ύμῖν
535 1866 570 1908 τε
593 1851 637 1930 τῷ
667 1845 760 1931 δήμω
787 1842 843 1909 καὶ
870 1855 940 1922 τοῖς
962 1845 998 1910 ἐκ
1020 1855 1080 1911 τοῦ
1094 1863 1121 1904 15

66 1953 248 2037 συνεδρίου
275 1959 371 2036 κοινῇ
399 1949 677 2034 βουλευσομένοις
705 1958 812 2034 φανῇ,
838 1953 946 2035 νόμου
976 1975 1081 2039 κυρω-

65 2059 204 2141 θέντος,
231 2057 337 2134 οὕτως
364 2054 470 2142 ἐχέτω.
517 2054 593 2141 ούχί
619 2065 722 2122 ταῦτα
750 2054 863 2142 μέντοι
885 2060 925 2122 τὰ
949 2060 1082 2143 διαστη-

67 2181 172 2230 σαντα
199 2164 285 2248 ὑμᾶς
311 2159 354 2246 ἦν
383 2163 446 2228 ἀπὸ
473 2173 541 2227 τῶν
564 2163 761 2246 πατρικίων,
792 2159 818 2228 ὦ
842 2165 997 2248 δημόται,
1025 2164 1081 2232 καὶ

65 2271 196 2335 τούτων
223 2271 255 2335 εί
279 2271 409 2354 τύχοιτε
437 2269 586 2354 ἀποχρῆν
612 2269 694 2352 ἁμῖν
722 2269 831 2358 βεσθε
857 2268 912 2335 καὶ
941 2270 1080 2348 ούδενὸς

65 2379 171 2442 άλλου
199 2374 383 2461 ὠρέγεσθες
415 2376 545 2440 δίδοται
572 2383 637 2457 νῦν
664 2375 759 2459 ὑμίν·
796 2377 889 2442 άπιτε
918 2378 981 2461 ἤδη
1009 2381 1079 2462 χαί-
1094 2395 1120 2436 εο

66 2504 182 2567 ροντες
204 2482 335 2565 είςτην
358 2482 509 2567 πατρίδα.
915 2509 919 2515 ·

133 2587 331 2653 LXXXIIH.
354 2589 402 2652 Αί
418 2584 454 2653 δὲ
472 2589 717 2671 βεβαιώσουσαι
734 2589 793 2665 τὰς
811 2587 989 2672 ὁμολογίας
1001 2591 1080 2655 ταύ-

63 2718 123 2771 τας
149 2692 205 2758 καὶ
231 2695 269 2759 τὸ
297 2690 443 2778 ἀσφαλές
469 2695 550 2778 ἁμῖν
574 2693 776 2777 παρέξουσαι
798 2696 924 2771 πίστεις
947 2696 1079 2761 ἔσονται

63 2809 167 2865 πᾶσαι
195 2802 336 2885 νόμιμοί
361 2824 395 2866 τε
423 2799 478 2865 καὶ
506 2799 542 2865 ἐν
570 2803 642 2866 ἔθει
669 2811 739 2876 τοῖς
767 2798 998 2884 διαλυομένοις
1020 2804 1078 2880 τὰς

64 2911 197 3004 ἔχθρας.
243 2906 468 2990 ἐπιψηφιεῖται
495 2903 556 2992 μὲν
584 2906 604 2990 η
632 2908 738 2991 βουλὴ
765 2915 868 3028 ταῦτα
892 2904 947 2973 καὶ
969 2911 1078 2993 νόμου
1091 2925 1117 2968 τε

135 3103 152 3153 5
172 3099 186 3153 ό
188 3099 377 3172 φ<εί>λοντες
395 3097 442 3152 Bb
514 3105 529 3153 9
551 3100 645 3161 δίκαις
663 3097 777 3162 ἁλόντες
796 3097 881 3163 ἰδίαις
899 3099 947 3154 Bb
984 3103 1077 3166 δίκαις

63 3169 178 3233 ἁλόντες
188 3121 257 3224 ίδία
274 3169 300 3222 Α
337 3170 418 3232 δίκας
437 3167 551 3231 ἁλόντες
570 3167 685 3232 ίδίαςο.
704 3169 848 3240 Kiessling
912 3177 945 3227 16
944 3173 1077 3297 Οβουλεο·

64 3240 238 3312 σαμένοιςΟ
275 3238 546 3331 βουλευσομένοιςο.
566 3240 705 3295 Bficheler
777 3248 810 3297 17
829 3241 966 3312 μέντοιΟ
1003 3240 1077 3313 μόνα

63 3312 211 3367 οΒεὶελιε
303 3318 335 3366 19
355 3309 446 3384 ᾤεσθε
470 3312 547 3365 ΑΒε
583 3313 680 3367 οίεσθε
699 3313 746 3366 Bb
837 3319 871 3367 20
890 3311 1031 3383 ὠρέγεσθε
1051 3315 1076 3366 A

61 3385 114 3508 θ’
125 3385 297 3509 εσίλλῗθ
328 3367 747 3509 ἀλὶλῖλῗίῗλλάἐόὲδξ
822 3390 856 3437 ²³
877 3381 986 3438 ἔσω

868 3541 924 3596 ⁴25*
