2414 3840
517 172 680 220 -A-
1063 171 1105 236 61

89 353 191 414 γοντο
215 329 366 414 ἀφανῶς·
399 328 456 395 καὶ
478 330 598 408 πάντες
615 327 712 397 τοῦθ’
735 332 770 398 οί
784 335 1009 418 προσήκοντες
1027 331 1107 416 ὑμῖν

84 438 307 522 ὡμολόγουν,
335 438 386 504 ότι
414 440 636 523 κρατήσαντες
664 440 785 503 ἐκείνοι
812 447 869 522 τῆς
897 437 1000 524 ἀρχῆς
1028 435 1107 504 οὐδὲ

89 541 221 631 σπέρμα
248 553 310 609 τοῦ
337 547 557 629 Ταρκυνιείου
584 548 820 622 καταλείψουσι
842 544 971 628 γένους.
1011 546 1107 630 κηδε-

86 634 163 735 ΙΙμίαν
194 647 233 715 δέ
264 648 322 716 καὶ
353 650 462 735 φύλαξ
491 648 602 728 οὐδεὶς
630 650 724 736 ὑμῶν
755 650 865 737 ἕτερος
892 647 949 736 ην,
984 653 1034 719 ότι
1061 655 1105 738 μὴ

91 759 189 841 γυνη,
212 760 338 845 πατρὸς
361 760 478 841 μήτηρ,
501 756 557 823 καλ
580 758 662 842 αὐτὴ
687 760 743 823 διά
765 767 869 844 γῆρας
892 757 1014 845 ἑτέρων
1034 762 1133 826 διο-5

94 862 176 948 μένη
199 865 412 948 κηδεμόνων·
435 862 506 929 ἀλλ’
530 863 567 929 ἐν
590 862 663 949 ἐμοὶ
680 869 913 931 κατελείπεσθε
933 869 1023 955 μόνῳ
1043 868 1107 952 φύ-

94 976 168 1036 λακι
191 979 251 1055 της
274 970 424 1056 ἐρημίας,
449 970 490 1036 δν
512 981 578 1036 νῦν
601 970 778 1057 ἀλλότριον
800 970 856 1037 καὶ
879 969 981 1038 οὐδὲν
1004 990 1107 1058 προσ·

92 1080 215 1162 ήκοντα
247 1076 432 1154 ἀποκαλεῖς.
476 1079 642 1154 τοιούτοις
673 1078 787 1161 μέντοι
818 1079 1008 1164 πράγμασιν
1040 1078 1141 1145 ἐπι-3

93 1185 170 1261 στάς
203 1182 269 1268 ἐγὼ
300 1185 380 1262 τούς
410 1180 439 1249 τ’
467 1184 725 1262 ἀποκτείναντας
755 1188 816 1252 τὸν
847 1186 981 1252 πάππον
1010 1186 1106 1271 ὑμῶν

94 1291 348 1376 ἐτιμωρησάμην
370 1289 426 1356 καὶ
447 1291 533 1376 ὑμᾶς
556 1293 603 1368 είς
625 1293 750 1377 ἀνδρας
772 1295 900 1376 ἤγαγον
917 1292 973 1358 καὶ
990 1304 1107 1377 γενεάς
1122 1308 1146 1348 10

93 1398 234 1483 ἀρρενος
266 1398 328 1482 οὐχ
354 1397 567 1484 ὑπαρχούσης
592 1408 660 1464 τῶν
689 1398 833 1483 ἐμαυτοῦ
860 1403 999 1486 κυρίους
1026 1421 1106 1486 προ-

94 1506 230 1589 ειλόμην
262 1513 405 1588 ποιῆσαι.
447 1507 531 1589 ἔχεις
557 1506 617 1570 τὸν
643 1514 701 1589 της
728 1505 905 1592 ἐπιτροπῆς
933 1510 1051 1592 λόγον,
1080 1504 1105 1574 ὦ

96 1611 271 1696 Ταρκύνιε,
294 1609 349 1676 καὶ
372 1612 434 1678 οὐκ
457 1610 499 1676 ἀν
523 1611 763 1698 ἐπιχειρήσειας
781 1614 897 1695 είπεῑν,
922 1615 966 1691 ὡς
984 1616 1106 1692 ψεύδο-

93 1720 153 1800 μαί
172 1740 205 1782 τι
227 1719 366 1783 τούτων.

158 1823 332 1892 XXXIIH.
368 1823 453 1911 Περὶ
489 1822 526 1891 δὲ
557 1834 615 1909 τῆς
645 1828 830 1910 βασιλείας,
867 1825 980 1910 ἐπειδὴ
1013 1827 1102 1894 τοῦτ’
1121 1842 1146 1882 1⁵

55 1929 194 2015 λλσέστιν,
218 1931 237 1996 ὃ
260 1943 454 2018 κατηγορεῖς
476 1956 553 2016 μου,
577 1934 733 2016 ἀκουσον,
757 1934 846 2010 ὅπως
868 1929 897 1997 τ’
915 1934 1015 2020 αὐτῆς
1034 1938 1105 2002 ἐτν-

92 2062 164 2122 χον,
186 2035 245 2104 καὶ
268 2032 313 2104 δι’
334 2037 373 2116 ἀς
395 2041 501 2116 αίτίας
523 2038 601 2105 οὔθ’
624 2039 704 2124 ὑμῖν
729 2036 799 2105 οὔτ’
821 2041 910 2129 ἀλλρι
933 2039 1000 2106 τινὶ
1024 2049 1105 2126 μεθ-

92 2149 190 2230 ίεμαι.
236 2145 291 2210 ότε
327 2154 388 2230 την
425 2145 612 2230 ἐπιμέλειαν
648 2156 706 2231 τῆς
741 2149 867 2224 πόλεως
903 2146 1105 2233 παρέλαβον,

92 2253 297 2336 αἰσθόμενος
324 2250 501 2335 ἐπιβουλάς
527 2276 621 2329 τινας
648 2251 718 2318 κατ’
745 2253 889 2338 ἐμαυτοῦ
917 2252 1105 2338 γινομένας,

91 2359 304 2443 παραδοῦναι
335 2349 505 2447 τῷδήμῳ
537 2360 577 2422 τά
607 2357 770 2445 πράγματ’
804 2359 1010 2443 ἐβουλήθην·
1050 2360 1105 2426 καὶ
1120 2378 1146 2417 2⁰

91 2465 294 2549 συναγαγὼν
325 2465 472 2542 ἅπαντας
499 2467 546 2542 είς
574 2464 749 2549 ἐκκλησίαν
777 2465 960 2532 ἀπεδίδουν
993 2468 1107 2547 αὐτοῖς

91 2573 152 2655 τὴν
180 2571 287 2658 ἀρχὴν
315 2569 390 2637 ἀντὶ
416 2579 474 2655 τῆς
501 2570 691 2656 ἐπιφθόνου
718 2574 839 2657 ταύτης
862 2572 918 2639 καλ
941 2578 1042 2642 πλείω
1066 2579 1105 2643 τά

91 2680 224 2763 λυπηρά
251 2687 320 2745 τῶν
342 2677 452 2761 ἡδίων
475 2677 615 2764 ἐχούσης
636 2679 815 2764 ἡγεμονίας
838 2682 898 2765 την
922 2680 1105 2751 ἀκίνδυνον

91 2785 475 2870 ἀντικαταλλασσόμενος
493 2785 644 2871 ἡσυχίαν.
682 2787 744 2852 οὐκ
760 2786 941 2873 ηνέσχοντο
951 2785 1105 2876 Ῥωμαῖοι
1120 2812 1139 2872 2

91 2892 195 2958 ταῦτά
222 2915 288 2976 μου
313 2894 468 2977 πράττειν
492 2891 703 2978 βουλομένου
727 2891 800 2959 οὐδ’
822 2895 967 2978 ἠξίωσαν
991 2897 1105 2984 ἕτερόν
1120 2930 1145 2970 25

90 3022 166 3065 τινα
190 3008 259 3064 τῶν
281 3009 407 3064 κοινῶν
431 2998 600 3079 ἀποδεῖξαι
622 3001 751 3086 κύριον,
775 2998 848 3068 ἀλλ’
870 3001 926 3088 ἐμὲ
944 3004 1104 3092 κατέσχον

162 3228 363 3298 3Ταριιυνίου
381 3227 457 3283 ABa
495 3231 669 3297 Ταρκυνείου
688 3229 735 3283 Bb
775 3234 961 3298 Ταρκυνιείου
979 3231 1102 3297 Βοὶελςελ

89 3301 282 3367 καταλίηουσι
299 3299 346 3354 Ba
400 3303 633 3356 6κατελείπετθε
653 3300 698 3354 Bb
731 3305 946 3357 κατελείπεσθαι
967 3304 1011 3354 Ba
1038 3318 1105 3354 κατ-

89 3373 225 3426 ελίπεσθε
243 3369 270 3423 A
305 3372 509 3440 κατελείφθητε
528 3371 578 3426 OD
638 3370 724 3442 8μὲν
743 3378 801 3434 τοῖς
818 3373 844 3426 Α
879 3371 1015 3443 μέντοιΒ
1070 3372 1104 3422 24

88 3439 287 3515 <ἠ>νέσχοντο
306 3441 329 3494 Β
365 3439 517 3512 ἀνέσχοντο
534 3444 560 3497 R
