2414 3840
102 192 168 257 366
313 291 319 301 Ι
531 193 689 244 -ς-

101 352 206 419 πέδου
224 354 331 418 πάντα
349 354 389 417 τά
407 351 444 417 ἐν
460 360 501 436 πή
519 355 614 417 πόλει
632 354 805 436 γενόμενα,
824 350 880 417 καὶ
898 352 1018 418 αὐτίκα
1037 353 1115 419 πάν-

101 482 154 536 τες
182 459 370 536 ἐκλιπόντες
392 460 429 523 τὸ
454 461 559 544 ἔρυμα
581 458 739 541 ὑπήντων
762 461 810 523 ἐτι
832 454 912 523 καθ’
935 457 1019 524 ὁδὸν
1042 454 1116 524 οὖσι

101 576 172 641 τοῖς
193 569 417 650 πρεσβευταῖς.
462 559 505 648 ήν
529 562 569 628 δέ
591 587 640 640 τις
663 564 700 629 ἐν
722 572 767 652 τῷ
792 563 1005 653 στρατοπέδῳ
1029 566 1117 631 πάνυ

102 672 295 756 ταραχώδης
317 669 372 735 καὶ
396 671 593 753 στασιαστής
615 670 710 755 ἀνήρ,
735 669 812 749 ὀξὺς
829 679 869 756 τή
888 672 1005 757 γνώμη
1024 689 1116 758 προι-

74 779 174 842 τδείν
197 800 229 841 τι
251 787 318 841 τῶν
342 775 511 859 ἐσομένων
535 775 571 840 ἐκ
591 780 729 859 πολλοῦ,
752 774 807 841 καὶ
826 778 931 842 είπεῑν
951 778 970 842 δ
988 775 1022 843 τὶ
1040 781 1117 861 νοή

102 899 191 949 σειεν
215 883 259 960 ὡς
282 884 380 959 λάλος
401 881 457 948 καὶ
475 886 614 959 κωτίλος
633 882 695 947 οάκ
712 881 888 966 ἀδύνατος,
913 883 950 959 δς
968 883 1116 950 ἐκαλεῖτο
1159 926 1160 931 1

101 986 163 1074 μέν
185 990 328 1067 Λεύκιος
347 984 501 1072 Ἰούνιος,
526 989 702 1072 ὁμώνυμος
723 995 769 1075 τῷ
792 989 1017 1056 καταλύσαντι
1039 994 1117 1068 τοὺς

101 1100 262 1180 βασιλεῖς,
294 1095 502 1180 ἐκπληρῶσαι
532 1091 569 1159 δέ
598 1095 661 1178 τήν
688 1093 883 1179 ὁμωνυμίαν
912 1099 1117 1180 βουλόμενος

101 1200 196 1285 ἠξίου
218 1199 275 1266 καὶ
297 1206 446 1287 Βροῦτος
470 1201 707 1266 ἐπικαλεῖσθαι.
746 1212 816 1278 τοῖς
839 1197 870 1264 δ’
892 1203 957 1286 ἀρα
980 1208 1117 1280 πολλοῖς

61 1328 87 1368 10
101 1305 204 1388 γε’λως
235 1302 287 1369 ἐπὶ
315 1311 354 1389 τῇ
381 1305 607 1390 κενοσπουδίᾳ
634 1314 695 1370 τοῦ
722 1304 908 1391 ἀνθρώπου
934 1309 1115 1393 εἰσήρχετο,

100 1407 156 1474 καὶ
184 1409 237 1474 ὅτε
265 1411 467 1493 βουληθεῖεν
495 1409 712 1476 ἐπισκώπτειν
740 1411 842 1476 αὐτὸν
865 1416 1021 1498 Βροῦτον
1047 1414 1116 1480 ἐπε-

40 1517 236 1586 ·2κάλονν.
279 1511 376 1593 οὗτος
402 1517 420 1582 δ
444 1515 528 1601 ἀνήρ
553 1518 612 1581 τὸν
634 1518 781 1602 ἡγεμόνα
804 1526 865 1583 τοῦ
888 1519 1115 1602 στρατοπέδου

101 1626 277 1688 Σικίννιον
302 1621 450 1705 διδάξας,
481 1622 526 1699 ὡς
549 1623 611 1688 οὐκ
634 1625 773 1707 ἀμεινον
795 1630 847 1706 είη
871 1626 916 1711 τῷ
941 1626 1037 1713 δήμῳ
1062 1627 1137 1713 ῥᾳκ

101 1731 187 1806 δίως,
213 1727 332 1794 ἑαυτὸν
361 1725 545 1812 ἐπιτρέπειν
571 1738 642 1805 τοῖς
668 1728 953 1813 προτεινομένοις,
988 1732 1046 1797 ἵνα
1073 1734 1116 1817 μή

7 1908 9 1915 y
61 1855 87 1896 ιτ
101 1831 155 1900 ἀπ’
178 1835 352 1910 ἐλάττονος
375 1832 539 1911 ἀξιώσεως
562 1833 759 1920 ἀτιμοτέραν
779 1836 915 1920 εὕρηται
932 1837 996 1921 τήν
1014 1838 1116 1904 κάθο-

101 1943 178 2022 δον,
208 1938 279 2006 ἀλλ’
302 1940 541 2005 ἐναντιοῦσθαι
569 1939 664 2026 μέχρι
690 1946 818 2007 πολλοῦ
845 1940 901 2007 καὶ
924 1946 1117 2031 τραγῳδίαν

99 2049 174 2113 τινά
197 2047 363 2112 ἐπιθεῖναι
386 2055 456 2121 τοῖς
478 2047 648 2130 πράγμασι
670 2050 908 2132 προσποιητόν,
932 2048 1116 2136 ὑποσχόμε-

99 2156 159 2230 νός
180 2151 209 2217 τ’
232 2153 331 2229 αὐτὸς
354 2151 587 2235 ἀναλήψεσθαι
610 2154 669 2217 τὸν
692 2149 776 2238 ὑπὲρ
798 2163 860 2218 τοῦ
885 2155 995 2238 δήμου
1013 2159 1169 2240 λόγονινοι

99 2260 139 2324 τά
157 2254 186 2323 τ’
208 2260 291 2323 ἀλλα
309 2255 529 2341 ὑποθέμενος,
548 2250 647 2343 ἀχρή
658 2259 849 2345 πράττεινή
866 2258 989 2345 λέγειν,
1008 2266 1116 2329 ἔπεισε
1153 2338 1155 2349 ‚

59 2387 85 2426 ιο
100 2367 158 2432 τὸν
172 2368 357 2431 Σικίννιον.
394 2363 449 2430 καὶ
467 2366 548 2448 μετά
565 2374 663 2431 τοῦτο
683 2364 701 2430 δ
720 2362 781 2449 μὲν
802 2371 976 2444 Σικίννιος
995 2385 1116 2453 συγκα-

99 2472 197 2548 λέσας
220 2473 266 2548 είς
290 2471 466 2553 ἐκκλησίαν
484 2472 544 2536 τὸν
563 2472 670 2556 δῆμον
689 2469 839 2537 ἐκέλευσε
859 2475 938 2550 τοὺς
955 2478 1116 2559 πρεσβευ-

98 2581 156 2655 τάς
178 2574 262 2663 ὑπὲρ
287 2572 476 2660 ἀνήκουσι
499 2574 617 2660 λέγειν.

166 2683 280 2748 LXXI.
305 2683 494 2768 Παρελθὼν
518 2679 554 2747 δὲ
573 2683 707 2760 Μάνιος
727 2681 922 2770 Οὐάλέριος,
946 2686 1052 2774 ὅσπερ
1075 2683 1116 2771 ήν

99 2791 210 2854 αὐτῶν
230 2791 455 2881 πρεσβύτατός
472 2811 508 2854 τε
525 2787 580 2854 καὶ
600 2788 875 2873 δημότικώτατος,
896 2791 1116 2879 ἐπιμαρτυρή-

58 2915 84 2956 25
99 2914 219 2972 σαντος
248 2895 337 2983 αὐτῷ
360 2896 422 2978 τήν
444 2898 639 2981 προθυμίαν
661 2903 722 2960 τοῦ
744 2899 898 2980 πλήθους
921 2897 1116 2982 εὐμενεστά-

97 3027 170 3080 ταις
198 3011 328 3087 φωναίς
355 2998 411 3066 καὶ
437 3004 693 3088 προσηγορίαις,
726 3002 839 3086 ἐπειδή
868 3013 996 3087 σιωπής
1023 3008 1115 3089 ἔτυχε

168 3237 184 3285 2
209 3225 386 3292 ἐκλείποντες
408 3228 454 3283 Ba
544 3236 559 3284 3
578 3229 803 3303 πρεσβ<ευ>ταῖς
825 3230 873 3284 Bb
893 3237 908 3284 1
929 3231 986 3286 litt.
1010 3232 1041 3285 in
1059 3242 1116 3286 ras:

97 3310 158 3358 ὅτι
175 3301 201 3354 A
246 3301 317 3355 τεΒ
342 3305 347 3370 Ι
371 3305 518 3371 προειπεῖν
543 3300 565 3355 0
612 3299 702 3356 εἰπεῖν
725 3300 829 3356 Reiske
888 3302 890 3307 ’
922 3301 1112 3372 θδμωνάμως

1 3425 3 3437 ,
89 3373 199 3499 τΒροἘΙὲο
292 3378 324 3426 17
343 3368 572 3441 προςποιητόνΒ
609 3371 842 3442 προςποιητήνίλ
934 3378 966 3427 19
985 3391 1015 3427 τε
1033 3372 1111 3427 ABb
