2414 3840
425 178 588 227 ..Ε-

42 358 87 417 tog
105 340 236 426 ἀνδρῶν
258 362 294 404 τε
312 336 368 405 καλ
386 347 566 420 γυναικῶν,
591 337 646 403 ὅτε
664 335 804 420 μάλιστα
823 335 916 419 δεινὴ
936 335 1017 400 σπά-

43 457 142 521 ιςτόιν
165 447 358 531 ἀναγκαίων
376 445 599 528 [ἐπιτηδείων]
618 445 765 521 άπαντας
782 453 920 527 κατεῖχε,
943 451 1018 527 μιᾶς

43 551 124 640 μέρος
159 553 291 639 τροφὴν
328 550 524 638 ἐχαρίσαντο
561 549 720 636 μυριάδες
756 550 948 636 ἀνθρώπων
983 551 1020 615 αί

42 657 171 743 ’ν’μπασαι
198 661 334 736 πλείους
358 657 379 744 ἢ
402 657 588 744 τριάκοντα.
629 654 778 743 Ὁράτιος
800 654 861 741 μὲν
885 659 926 741 δη
949 666 1051 730 τοι-3

42 764 108 851 ύτην
129 765 388 851 ἀποδειξάμενος
411 765 533 851 ἀρετὴν
556 764 593 830 ἐν
615 772 661 852 τῷ
685 766 758 829 τότε
780 767 890 852 χρόνῳ
916 768 1043 849 ζηλωε

42 868 66 947 bs·
86 871 144 958 μέν
169 875 200 939 εί
221 876 280 938 καί
299 897 349 950 τις
373 873 473 948 άλλος
491 866 661 955 Ῥωμαίων
685 869 826 953 ἐγένετο,
855 873 1017 957 άχρηστος

42 967 103 1058 ἐίς
127 982 169 1046 τά
196 982 296 1046 λοιπά
317 979 573 1066 πράγματατης
595 980 722 1054 πόλεως
746 978 801 1041 διδι
824 978 885 1060 την
907 979 1017 1061 κη’ρω-

42 1105 64 1147 ιν
85 1097 142 1172 της
164 1087 305 1171 βάσεως·
342 1083 398 1151 καί
421 1085 477 1150 διά
499 1084 561 1168 τὴν
585 1084 911 1169 συμφορδνταύτην
935 1080 1012 1148 οὔθ’

42 1197 158 1272 τατείας
186 1190 255 1259 οὔτ’
279 1194 380 1276 άλλης
401 1191 581 1276 ἡγεμονίας
604 1199 838 1276 στρατιωτικῆς
861 1189 1017 1275 οὐδεμιᾶς

42 1318 126 1384 νχεν.
169 1293 268 1376 οὗτός
292 1320 327 1364 τε
351 1299 392 1381 δη
416 1299 614 1382 θαυμαστὸν
636 1299 737 1383 ἔργον
760 1282 1057 1396 άποδειξάμενοςβχ

63 1413 107 1493 τῷ
130 1407 204 1471 τότε
228 1405 333 1488 ἀγῶνι
353 1400 525 1489 Ῥωμαίοις
548 1404 639 1483 άξιος
661 1411 752 1490 είπερ
775 1427 824 1482 τις
844 1404 899 1471 καὶ
918 1407 1017 1481 ἄλλος

42 1516 70 1574 ἰν
92 1509 142 1577 ἐπ’
165 1511 304 1598 άνδρείμ
329 1509 625 1595 διονομασθέντων
649 1511 870 1593 ἐπαινεῖσθαι,
894 1509 950 1576 καὶ
969 1513 1017 1577 ἔτι

42 1616 85 1695 ’ὸς
107 1619 214 1705 τούτῳ
239 1618 339 1695 Γάιος
361 1618 525 1701 Μούκιος,
549 1609 574 1706 ᾧ
595 1619 728 1703 Κόρδος
750 1616 942 1701 ἐπωνύμιον
963 1613 1016 1700 ἦν,

42 1726 88 1811 ἠρ
111 1723 145 1804 ἐξ
169 1723 342 1809 ἐπιφανῶν
359 1722 511 1810 πατέρων
530 1722 585 1789 καὶ
605 1723 704 1800 αὐτὸς
722 1721 930 1808 ἐγχειρήματι
949 1720 1018 1786 έπι-

43 1836 186 1917 λόμενος
214 1831 360 1919 μεγάλῳ,
387 1828 463 1914 περὶ
486 1826 527 1896 οὗ
551 1832 669 1916 μικρὸν
692 1830 834 1915 ὕστερον
858 1829 922 1914 ἐρῶ
947 1830 1017 1911 διη-
1033 1850 1057 1891 1⁵

42 1939 189 2023 σάμενος
207 1949 351 2022 πρῶτον,
371 1937 408 2003 ἐν
427 1937 513 2012 οἵαις
530 1936 550 2020 ἡ
565 1940 660 2015 πόλις
674 1933 717 2021 ἦν
730 1940 804 2003 τότε
819 1945 1016 2020 συμφοραῖς.

68 2043 187 2109 XXVI.
220 2045 317 2109 Μετὰ
344 2045 406 2129 γάρ
429 2045 491 2127 τὴν
515 2044 623 2128 μάχην
647 2043 778 2126 ἐκείνην
802 2043 819 2109 δ
844 2040 905 2126 μέν
933 2046 1018 2126 Τυρ-

42 2162 116 2217 νῶν
139 2153 304 2246 βασιλεὺςΙ
319 2149 356 2216 έν
378 2158 424 2239 τῷ
448 2153 590 2234 πλησίον
609 2153 680 2235 όρει
698 2149 1018 2234 καταστρατοπεδευ-

43 2282 161 2342 μενος,
195 2258 278 2323 ὅθεν
311 2258 372 2340 τὴν
394 2252 564 2342 Ῥωμαίων
596 2258 751 2343 φρουρὰν
782 2254 928 2339 ἐξέβαλε,
961 2263 1018 2338 τῆς

42 2363 153 2431 ἐκεινα
175 2372 237 2429 τοῦ
254 2361 409 2449 Τεβέριος
431 2373 582 2448 ποταμοῦ
604 2365 713 2448 χώρας
736 2363 863 2446 ἁπάσης
882 2360 1018 2446 ἐκράτει.
1032 2383 1059 2423 ιο

58 2468 96 2536 δὲ
123 2472 314 2555 Ταρκυνίου
336 2471 452 2546 παῖδες
474 2466 529 2534 καὶ
553 2469 571 2534 δ
593 2470 754 2552 κηδεστὴς
778 2468 882 2535 αὐτοῦ
905 2471 1019 2553 Μαμί-

42 2601 73 2655 ος
101 2577 248 2662 σχεδίαις
274 2598 309 2640 τε
337 2574 392 2641 καὶ
419 2577 563 2660 σκάφαις
588 2575 842 2659 διαβιβάσαντες
863 2575 921 2653 τάς
945 2574 1018 2642 ἑαυ-

42 2707 68 2750 ιν
98 2683 257 2768 δυνάμεις
286 2681 338 2748 ἐπὶ
362 2683 488 2768 θάτερα
511 2680 594 2768 μέρη
618 2691 678 2747 τοῦ
701 2692 852 2767 ποταμοῦ
874 2684 915 2748 τά
936 2686 1020 2770 πρὸς

42 2816 64 2857 ν
86 2786 216 2888 Ῥώμην(
249 2786 396 2874 φέροντα
429 2789 465 2855 ἐν
495 2788 601 2877 ἐχυρῷ
633 2792 784 2855 τίθενται
815 2794 926 2878 χωρίῳ
959 2793 1019 2858 τὸν

42 2897 144 2983 Ξρακα·
178 2895 261 2960 ὅθεν
285 2895 473 2980 ὁρμώμενοι
491 2906 558 2960 τῶν
577 2918 611 2961 τε
625 2891 796 2980 Ῥωμαίων
815 2894 939 2982 ἐδῄουν
956 2899 1018 2981 τὴν
1032 2914 1059 2956 2⁵

42 3013 70 3086 Ῑν
92 3000 148 3068 καὶ
172 3002 273 3085 <τάς>
298 3001 401 3078 αὐλάς
423 3000 648 3067 κατέσκαπτον
669 3001 725 3068 καὶ
747 3014 817 3080 τοῖς
840 3002 893 3070 ἐπὶ
915 3005 1020 3089 νομάς

77 3155 280 3227 λέπιτηδείων
304 3157 357 3214 del.
381 3158 526 3228 Kiessling
608 3158 765 3230 ἵπόρωσιν
788 3159 814 3212 Α
849 3159 975 3232 πήρωσιν
994 3160 1019 3212 R

42 3228 204 3354 βλέψεωςΒ
242 3229 348 3302 βάσεως
366 3230 392 3283 R
446 3238 477 3284 11
499 3229 590 3300 ὡσπέρ
608 3251 649 3294 τις
667 3231 720 3284 ΑΒ
758 3232 836 3302 είπερ
854 3231 937 3294 τιςΙ)
985 3235 1018 3280 13

52 3303 115 3370 δρος
132 3301 209 3355 ABb
246 3304 348 3370 νδρος
366 3300 412 3354 Ba
448 3300 489 3356 Κό
508 3304 557 3365 δος
578 3303 672 3371 Lapus
692 3304 721 3355 et
739 3301 873 3355 Gelenius
891 3306 894 3364 Ι
911 3297 1019 3354 έπόνν-

42 3391 62 3426 ιν
80 3371 101 3426 0
120 3389 189 3428 corr.
209 3372 353 3441 Kiessling
435 3379 469 3428 14
488 3323 558 3440 έξΒ
597 3369 627 3428 ἐν
645 3372 671 3425 Α
694 3389 747 3427 om.
766 3373 792 3425 R
874 3377 907 3424 16
928 3364 958 3423 ἐν
977 3363 1019 3426 οἷς

42 3463 48 3491 ι
64 3442 80 3511 ἡ
97 3441 175 3507 πόλις
193 3443 255 3499 τότε
275 3446 379 3506 δεινοῖς
399 3443 421 3498 O
440 3446 552 3514 praeter
569 3443 592 3496 B
665 3449 699 3497 26
717 3442 767 3504 τὰς
787 3442 851 3495 add.
871 3437 974 3493 Reiske
