2414 3840
571 189 730 238 ..ς-

143 345 256 428 ἐπειδῆ
281 342 318 410 δὲ
341 348 497 429 πρότεροι
519 346 577 420 τὰς
599 346 748 420 σπονδὰς
770 348 893 410 ἔλυσαν
916 350 1074 427 Λατῖνοι,
1101 344 1155 410 καὶ

143 448 218 536 οὐχὶ
240 454 314 516 τότε
337 461 480 536 πρῶτον,
507 451 590 515 ὥστε
614 451 812 534 συγγνώμης
833 453 924 527 τινὸς
948 451 1062 528 αὐτοῖς
1085 453 1155 517 δεῖν

142 557 291 640 ἀνάγκην
318 555 374 621 καὶ
401 555 530 637 ἀπάτην
556 555 858 640 προβαλλομένοις,
888 555 972 621 ἀλλά
999 558 1156 634 πολλάκις

141 664 207 745 ῆδη
234 660 289 727 καὶ
316 665 495 747 πρότερον,
524 662 606 726 ώστε
630 660 686 726 καί
709 663 923 746 διορθώσεως
951 665 1049 745 σφίσι
1073 664 1154 746 δεῖν,

114 770 203 851 στῆν
231 764 436 856 μδνιάδειαν
464 767 565 831 ἀπασι
593 773 869 851 συγκεχωρῆσθαι
896 765 952 831 καὶ
978 770 1042 851 τῆν
1066 768 1154 834 ἐλευ,

140 876 262 960 θερίαν
286 875 342 938 διὰ
364 874 401 937 τὸ
426 870 595 956 συγγενές,
618 881 675 956 τῆς
699 870 735 937 δὲ
758 882 818 956 γῆς
840 873 902 955 τῆν
924 872 1080 957 ῆμίσειαν
1100 874 1154 938 αὐ·

140 982 220 1057 τοὺς
254 979 481 1065 ἀφαιρεθῆναι
513 976 568 1043 καὶ
595 980 803 1063 κληρούχους
830 978 1056 1062 ἀποσταλῆναι
1082 977 1154 1044 Ῥω-

141 1089 249 1171 μαίων
280 1087 328 1161 είς
357 1085 476 1168 αὐτῆν,
507 1085 655 1159 οἵτινες
683 1083 814 1166 ἐκείνην
840 1085 1075 1168 καρπώσονται
1102 1083 1155 1150 καί

107 1193 222 1268 2τοὺς
244 1192 369 1277 ἀνδρας
388 1187 493 1274 μηδὲν
512 1193 560 1255 ἐτι
578 1191 772 1274 νεωτερίσαι
791 1190 1031 1254 σπουδάσουσι.
1066 1194 1154 1256 Σπό-

101 1316 128 1356 10
142 1320 214 1381 ριος
241 1293 278 1360 δὲ
301 1297 449 1372 Κάσσιος
477 1295 606 1360 ἀνελεῖν
634 1297 691 1372 τὰς
721 1298 833 1371 πόλεις
859 1296 970 1360 αὐτῶν
995 1299 1155 1380 συνεβού-

141 1409 217 1468 λευε
244 1401 428 1485 θαυμάζειν
453 1399 560 1483 λέγων
583 1401 636 1466 ἐπί
659 1412 731 1478 ταῖς
754 1401 924 1483 εὐηθείαις
946 1413 1014 1466 τῶν
1038 1408 1203 1487 παρα-1084

141 1510 294 1574 νούντων
327 1507 463 1591 ἀφεῖναι
494 1508 552 1583 τὰς
584 1506 744 1592 ἀμαρτίας
777 1508 889 1584 αὐτοῖς
922 1507 1095 1593 ἀζημίους,
1126 1512 1156 1575 εί

141 1611 226 1699 μηδὲ
255 1616 416 1679 δύνανται
444 1619 664 1698 καταμαθεῖν,
694 1614 744 1678 ὅτι
773 1615 828 1678 διὰ
856 1616 915 1679 τὸν
938 1616 1075 1698 φθόνον
1097 1617 1154 1681 τὸν

142 1723 292 1806 ἔμφυτόν
314 1743 350 1785 τε
373 1717 427 1785 καὶ
451 1720 686 1806 ἀναφαίρετον,
714 1719 753 1784 ὃν
777 1722 890 1804 ἔχουσι
913 1721 996 1804 πρὸς
1018 1722 1080 1805 τῆν
1098 1724 1154 1786 πύ-

105 1846 131 1886 15
145 1834 200 1893 λιν
224 1827 335 1892 αὐτῶν
355 1825 553 1910 αὐξομένην,
576 1828 698 1901 ἀλλους
716 1824 767 1890 ἐπ’
791 1827 904 1901 ἀλλοις
922 1826 1155 1910 ἐπιτεχνῶνται

142 1931 308 2017 πολέμους
329 1930 385 1997 καὶ
410 1930 568 1997 ούδέποτε
591 1933 777 1997 παύσονται
799 1942 857 2016 τῆς
875 1932 1058 2015 ἐπιβούλου
1076 1955 1154 2018 προ-

143 2038 301 2125 αιρέσεως
323 2037 463 2121 ἑκόντες,
487 2037 548 2115 ἕως
572 2039 683 2102 αὐτῶν
705 2035 795 2102 τοῦτ’
818 2037 855 2102 ἐν
877 2049 949 2114 ταῖς
972 2050 1096 2123 ψυχαῖς
1118 2042 1154 2105 τὸ

142 2147 311 2228 δύστηνον
339 2143 463 2209 ἐνοικεῖ
487 2144 611 2220 πάθος·
649 2145 684 2208 οἳ
707 2167 745 2226 γε
773 2149 988 2221 τελευτῶντες
1011 2146 1077 2211 ὑπὸ
1101 2169 1154 2212 τυ-

142 2253 255 2339 ράννφ
278 2252 495 2333 ποιῆσασθαι,
517 2251 650 2334 θηρίων
674 2249 829 2314 ἀπάντων
848 2250 1053 2338 ἀγριωτάτῳ,
1077 2270 1154 2336 συγ-

100 2377 127 2416 εο
142 2367 221 2443 γενῆ
254 2367 351 2440 σφῶν
383 2358 481 2422 πόλιν
513 2359 728 2441 ἐπεχείρησαν
756 2355 883 2432 ἁπάσας
911 2356 1155 2442 ἀνατρέψαντες

138 2466 198 2541 τάς
230 2461 283 2529 ἐπὶ
314 2468 406 2527 θεῶν
439 2462 631 2546 ὁμολογίας,
665 2463 727 2526 οὐκ
759 2463 873 2537 ἀλλαις
904 2460 994 2526 τισὶν
1025 2463 1154 2530 ἐλπίσιν

141 2568 358 2656 ἐπαρθέντες,
388 2564 532 2634 ἀλλ’ὅτι
556 2567 597 2632 ἀν
621 2569 666 2652 μῆ
691 2568 803 2643 αὐτοῖς
825 2569 908 2632 κατά
930 2569 1069 2653 γνώμην
1093 2595 1154 2655 χω-

141 2680 226 2762 ρῆση
259 2676 299 2740 τά
331 2685 392 2740 τοῦ
424 2673 571 2759 πολέμου
604 2676 702 2757 δίκην
735 2673 895 2758 ούδεμίαν
921 2673 1106 2757 ὑφέξουσιν
1133 2677 1154 2758 ῆ

105 2783 216 2847 3τινα
239 2782 361 2865 μικράν
379 2782 508 2865 κομιδῆ.
544 2782 791 2865 παραδείγμασί
810 2804 844 2845 τε
866 2777 921 2845 καί
941 2781 1042 2857 αὐτὸς
1059 2781 1154 2864 ῆξίου

101 2893 288 2972 εοχρῆσθαι
310 2897 380 2962 τοῖς
402 2897 469 2952 τῶν
492 2890 670 2972 προγόνων
694 2889 818 2972 ἔργοις,
847 2889 882 2950 οἳ
901 2886 962 2968 τῆν
983 2884 1155 2970 Ἀλβανῶν

140 2996 254 3074 πύλιν,
286 2992 319 3071 ἐξ
351 2988 390 3075 ῆς
422 2992 520 3058 αὐτοί
534 2989 621 3078 ·<τ’>
649 2992 890 3081 ἀπῳκίσθησαν
918 2989 972 3056 καί
996 2996 1154 3057 Λατίνων

89 3084 95 3096 ’
140 3101 264 3164 άπασαι
287 3101 409 3182 πόλεις,
433 3098 546 3182 ἐπειδὴ
565 3106 764 3184 φθονοῦσαν
784 3101 935 3181 ἔγνωσαν
953 3109 1023 3175 τοῖς
1043 3098 1154 3183 αὑτῶν

214 3298 245 3346 12
265 3289 293 3346 εί
309 3288 341 3345 δὲ
360 3290 397 3360 μὴ
416 3291 439 3344 Β
477 3288 504 3345 εί
520 3290 557 3360 μῆ
576 3292 602 3344 R
639 3290 666 3346 εί
682 3289 752 3362 μηδὲ
771 3289 915 3359 Kiessling
933 3289 977 3344 Pr.
996 3289 1062 3345 Bas.
1077 3309 1105 3359 p.
1122 3296 1154 3345 16

142 3369 175 3417 18
194 3362 387 3433 τελευτῶντες]
406 3365 566 3417 τελευταῖον
584 3362 607 3415 Β
631 3365 635 3432 Ι
660 3362 806 3430 τυράννων
825 3364 854 3415 et
872 3378 898 3416 v,
919 3368 950 3415 19
973 3360 1154 3431 ἀγριωτάτων

140 3431 194 3485 ΑΒ
268 3440 300 3487 19
321 3439 462 3503 συγγενεῖς
480 3433 506 3486 Α
573 3440 606 3488 26
625 3431 651 3486 τ’
674 3433 737 3488 add.
756 3431 900 3500 Kiessling
968 3438 1002 3487 27
1021 3431 1153 3487 πᾶσαιΟ
