2400 3848
505 187 668 238 ..Ε-

27 344 256 425 εεισκευάζετό
286 368 322 411 τε
353 347 437 431 πρὸς
468 345 575 431 μάχην
604 347 648 424 ὡς
675 347 948 432 ἀναρπασόμενος
976 348 1098 425 αὐτοὺς

77 455 204 537 πλήθει
226 449 282 517 καὶ
304 450 404 536 ἐπῆγε
427 454 491 517 σὺν
513 457 620 538 πολλῇ
642 455 890 538 καταφρονήσει
912 454 973 536 τὴν
997 453 1098 518 δύνα-

77 583 147 644 μιν.
186 552 278 642 εἶχον
302 554 340 623 δέ
357 559 420 641 τὴν
437 557 620 643 ἡγεμονίαν
638 567 700 624 τοῦ
718 554 778 644 μὲν
798 558 975 645 ἀριστεροῦ
994 556 1133 644 κέρως4

78 665 116 730 οί
140 667 333 751 Ταρκυνίου
355 665 486 748 παῖδες,
514 662 638 744 Σέξτος
659 663 716 730 καὶ
742 670 853 748 Τίτος,
872 661 1043 749 Ῥωμαίων
1065 662 1093 729 τ’

77 770 194 836 αὐτῶν
222 773 302 848 τοὺς
327 770 482 855 φυγάδας
504 773 642 853 άγοντες
664 770 719 837 καὶ
742 772 779 838 έκ
800 782 859 855 τῆς
881 775 1017 855 Γαβίων
1039 774 1125 837 πό-ο

77 881 163 956 λεως
188 880 226 944 τὸ
250 878 472 963 ἀκμαιότατον
495 875 600 956 ξένων
623 875 735 943 τεκαὶ
759 880 982 963 μισθοφόρων
1004 889 1097 964 χεῖρα

79 983 143 1049 οὐκ
176 983 309 1068 όλάογν·
344 994 406 1050 τοῦ
439 979 477 1049 δέ
509 984 621 1063 δεξιοῦ
654 987 824 1070 Μαμίλιος
855 985 873 1051 ό
908 987 1098 1070 Ταρκυνίου

77 1091 261 1174 κηδεστής,
290 1085 347 1175 ἐφ’
379 1085 421 1156 οὗ
453 1094 611 1157 Λατίνων
644 1093 679 1156 οί
706 1091 907 1168 άποστάντες
928 1087 1099 1175 Ῥωμαίων

80 1195 252 1276 ἐτάξαντο·
283 1200 439 1281 βασιλεὺς
463 1195 500 1262 δὲ
524 1200 696 1284 Πορσίνας
718 1200 800 1263 κατά
823 1198 928 1283 μέσην
951 1199 1013 1281 τὴν
1037 1196 1099 1282 φά-

79 1309 187 1388 λαγγα
224 1303 384 1370 ἐτέτακτο.
424 1299 595 1388 Ῥωμαίων
629 1301 666 1370 δὲ
697 1306 734 1370 τὸ
767 1301 828 1389 μέν
860 1305 970 1384 δεξιὸν
1001 1286 1139 1399 κέραςχῖ)0

81 1413 231 1497 Σπόριος
253 1410 401 1495 Λάρκιος
427 1408 482 1476 καὶ
511 1415 609 1488 Τίτος
627 1407 796 1497 Ἑρμίνιος
822 1424 974 1498 κατεῖχον
1003 1411 1098 1477 ἐναν-

79 1520 147 1583 τίοι
174 1519 386 1603 Ταρκυνίοις·
423 1519 461 1582 τὸ
490 1512 522 1582 δ’
548 1517 724 1603 ἀριστερὸν
751 1520 891 1604 Μάρκος
916 1516 1099 1604 Οὐαλέριος

78 1623 227 1708 άδελφὸς
258 1620 407 1707 θατέρου
433 1633 501 1688 τῶν
527 1623 664 1689 ὑπάτων
695 1628 889 1690 Ποπλικόλα
916 1624 971 1690 καὶ
1003 1629 1099 1701 Τίτος

79 1731 290 1816 Λουκρήτιος
308 1729 327 1794 ὁ
347 1737 392 1816 τῷ
411 1731 562 1814 πρόσθεν
580 1730 768 1807 ὑπατεύσας
786 1733 851 1795 ἔτει
864 1733 1024 1818 Μαμιλίῳ
1043 1728 1098 1795 καὶ

80 1839 241 1913 Λατίνοις
269 1838 517 1920 συνοισόμενοι·
555 1837 595 1901 τά
624 1832 661 1901 δέ
688 1835 771 1922 μέσα
798 1847 865 1902 τῶν
894 1837 1042 1922 κεράτων
1066 1837 1101 1902 οί
1113 1854 1138 1894 15

79 1943 201 2008 ὕπατοι
223 1952 378 2026 κατεῖχον
401 1940 592 2029 ἀμφότεροι.

24 2065 79 2116 897
147 2048 270 2115 XXIII.
295 2044 352 2126 Ὡς
376 2045 413 2114 δὲ
436 2053 611 2132 συνῆλθον
634 2051 681 2127 είς
699 2061 820 2136 χεῖρας,
844 2051 1005 2136 ἐμάχοντο
1024 2076 1098 2136 γεν-

80 2159 184 2234 ναίως
206 2152 265 2221 καὶ
284 2158 392 2221 πολὺν
411 2154 564 2240 ἀντεῖχον
584 2155 767 2241 άμφότεροι
786 2160 923 2242 χρόνον·
947 2156 1099 2244 ἐμπειρία

79 2259 142 2347 μὲν
177 2258 235 2328 καὶ
270 2264 426 2349 καρτερίᾳ
458 2264 627 2347 κρείττους
659 2264 753 2340 όντες
785 2264 821 2327 οί
845 2260 1000 2347 Ῥωμαῖοι
1031 2273 1099 2327 τῶν

81 2367 257 2451 ἐναντίων,
276 2370 399 2452 πλήθει
418 2364 456 2434 δέ
474 2377 673 2454 κρατοῦντες
690 2380 758 2434 τῶν
771 2361 942 2454 Ῥωμαίων
961 2369 996 2433 oc
1014 2373 1098 2453 Τνρ-
1113 2387 1139 2426 20

79 2477 185 2561 ρηνοί
213 2498 249 2540 τε
280 2471 336 2539 καὶ
363 2479 504 2540 Λατῖνοι
532 2483 655 2563 μακρςῦ.
700 2479 835 2540 πολλῶν
863 2471 901 2540 δὲ
927 2477 1099 2541 πεσόντων

80 2580 140 2666 ἀφ’
168 2579 334 2667 ἑκατέρων
362 2580 437 2659 δέος
460 2579 640 2666 εἰσέρχεται
659 2577 854 2666 Ῥωμαίους,
881 2577 1104 2668 πρῶτονμὲν

78 2691 162 2766 τοῦς
183 2686 382 2772 κατέχοντας
403 2689 441 2753 τὸ
466 2687 642 2773 ἀριστερὸν
664 2686 772 2774 κέρας,
797 2689 910 2773 ἐπειδὴ
929 2692 1007 2766 τοὺς
1025 2689 1099 2773 ἡγε-

80 2798 188 2879 μόνας
211 2793 396 2860 ἐθεάσαντο
421 2792 608 2878 Οὐαλέριόν
630 2816 666 2859 τε
688 2792 744 2858 καὶ
767 2797 978 2880 Λουκρήτιον
1000 2818 1099 2877 τραυ-
1166 2819 1170 2825 ’

80 2904 200 2986 ματίας
223 2898 511 2985 ἀποκομισθέντας
535 2898 570 2965 ἐκ
591 2909 649 2983 τῆς
667 2901 786 2985 μάχης·
818 2904 929 2966 ἔπειτα
946 2900 1002 2967 καὶ
1020 2905 1099 2979 τοὺς
1113 2920 1138 2960 2⁵

81 3005 136 3074 ἐπὶ
157 3016 220 3073 τοῦ
244 3004 356 3084 δεξιοῦ
379 3005 515 3091 κέρατος
537 3005 757 3091 τεταγμένους
775 3018 936 3085 νικῶντας
953 3010 1018 3092 ἤδη
1037 3009 1098 3091 τὴν

83 3116 148 3181 σὺν
167 3114 367 3200 Ταρκυνίοις
391 3113 536 3199 δύναμιν
558 3115 596 3178 τὸ
616 3113 697 3179 αὐτὸ
716 3115 960 3200 καταλαμβάνει
977 3115 1098 3196 πάθος,

83 3222 233 3307 ὁρῶντας
260 3220 322 3303 τὴν
348 3220 476 3305 τροπὴν
502 3231 570 3286 τῶν
599 3219 727 3306 ἑτέρων.
774 3225 970 3306 φευγόντων
994 3218 1024 3284 δ’
1052 3221 1133 3296 είς2

156 3378 325 3450 ῦΓαβίνων
342 3377 390 3430 Bb
427 3374 566 3446 8ἀφόδ
584 3378 610 3432 Α
646 3371 775 3445 έξ.οὖΒ
811 3372 1095 3450 ῦφ’ᾥο.8γ1δῑιεςλ

81 3449 141 3505 άπὸ
156 3447 300 3519 Ῥωμαίων
319 3448 342 3500 Β
405 3455 440 3504 24
453 3447 583 3519 Ὁράτιον
602 3451 625 3504 Ο
644 3450 756 3518 praeter
773 3447 797 3501 D
860 3453 895 3503 28
915 3441 1033 3516 ἕταίρων
1051 3446 1097 3500 Bb
