2414 3840
529 176 693 226 ..Δ-

103 339 261 403 διελεῖται
287 334 345 401 καὶ
373 331 476 402 οὐδὲν
503 335 673 414 ψεύσεται·
710 335 825 420 μάντει
853 337 917 422 γάρ
945 336 986 401 ού
1009 336 1120 422 θέμις·

102 443 124 510 ἀ
147 439 185 510 δὲ
208 441 365 527 λέγοντες
386 441 480 527 ὑμεῖς
502 438 558 506 καὶ
581 440 837 527 ἀποκρινόμενοι
860 444 944 528 πρὸς
965 444 1023 520 τάς
1041 442 1121 529 ἐρω-

52 553 215 634 τεετήσεις
238 547 468 634 ἀναμάρτητοί
487 570 523 612 τε
545 543 601 611 καὶ
623 545 780 625 ἀψευδεῖς
802 550 935 613 ἔσεσθε·
969 549 1121 634 διαφέρει

101 658 168 742 γάρ
187 655 271 740 ὑμῖν
283 651 531 740 προεγνωκέναι
544 661 659 718 ταῦτα·
686 646 764 737 παρ’
781 652 863 738 ἐμοῦ
876 655 1007 738 μάθετε.
1041 655 1156 721 ὅτανῧ

104 763 331 848 ἀφηγήσησθε
358 761 448 849 αὐτῷ
476 761 514 825 τὸ
542 757 653 846 τέρας,
682 759 745 825 ούκ
768 759 911 846 ἀκριβῶς
933 763 1121 846 μανθάνειν
1148 777 1161 819 5

104 871 218 954 φήσας
250 868 270 934 ὅ
301 891 334 933 τι
365 867 475 950 λέγετε
504 867 701 953 περιγράψει
728 874 773 954 τῷ
802 869 951 950 σκήπωνι
979 878 1035 951 τῆς
1062 879 1122 952 γῆς

104 974 209 1062 μέρος
231 975 314 1041 ὅσον
337 975 378 1058 δή
400 994 446 1038 τι·
482 969 589 1038 ἔπειθ’
611 972 692 1058 ὑμῖν
715 972 794 1059 ἐρεῖ,
821 972 922 1039 Τουτὶ
945 972 1006 1059 μέν
1030 974 1120 1040 ἐστιν

105 1082 124 1148 ὁ
152 1084 322 1168 Ταρπήιος
344 1084 459 1166 λόφος,
483 1077 582 1166 μέρος
605 1076 638 1143 δ’
666 1079 770 1145 αὐτοῦ
792 1078 885 1145 τουτὶ
904 1076 965 1164 μὲν
983 1082 1020 1145 τὸ
1040 1081 1123 1165 πρὸς

104 1189 165 1266 τὰς
192 1187 358 1266 ἀνατολάς
384 1185 526 1271 βλέπον,
558 1184 651 1252 τουτὶ
679 1182 717 1251 δὲ
744 1188 781 1252 τὸ
809 1187 892 1272 πρὸς
918 1187 976 1263 τάς
999 1187 1121 1268 δύσεις,

105 1297 245 1381 βόρειον
264 1288 297 1359 δ’
318 1295 424 1360 αὐτοῦ
440 1294 517 1359 τόδε
536 1291 591 1358 καὶ
609 1293 807 1359 τούναντίον
821 1293 988 1378 (νότιον).
1020 1273 1163 1385 ταύταζῙ0

105 1409 153 1488 τῷ
187 1403 338 1484 σκήπωνι
370 1401 503 1477 δεικνὺς
529 1401 684 1466 πεύσεται
710 1395 788 1484 παρ’
813 1399 923 1485 ὑμῶν,
956 1398 1009 1466 ἐπὶ
1037 1403 1122 1486 ποίῳ

106 1517 176 1574 τῶν
209 1517 321 1593 μερῶν
352 1506 481 1572 τούτων
510 1503 633 1592 εὑρέθη
661 1505 683 1589 ή
710 1508 846 1590 κεφαλή.
892 1510 926 1570 τί
952 1503 1015 1572 οὖν
1043 1507 1123 1591 ὑμῖν

107 1615 359 1700 ἀποκρίνασθαι
380 1621 546 1699 παραινῶ;
578 1613 622 1696 μή
646 1622 831 1697 συγχωρεῖν
855 1611 892 1677 ἐν
915 1611 1033 1697 μηδενὶ
1056 1624 1123 1678 τῶν

107 1724 223 1787 τόπων
254 1721 398 1802 τούτων,
431 1717 491 1794 οὓς
517 1716 560 1782 ἀν
587 1717 713 1795 ἐκεῖνος
739 1726 784 1805 τῷ
814 1719 963 1801 σκήπωνι
992 1719 1124 1794 δεικνύς

108 1827 335 1910 πυνθάνηται,
358 1825 396 1890 τὸ
419 1822 515 1910 τέρας
538 1823 729 1908 εὑρεθῆναι,
752 1820 823 1889 ἀλλ’
842 1823 879 1889 έν
893 1818 1001 1910 Ῥώμη
1020 1825 1124 1908 φάναι
1140 1841 1164 1880 15

109 1929 189 2020 παρ’
210 1932 291 2018 ἡμῖν
318 1931 355 1998 έν
382 1932 537 2018 Ταρπηίῳ
565 1932 668 2018 λόφφ.
713 1931 834 2008 ταύτας
857 1930 915 1996 ἐὰν
939 1932 1124 2015 φυλάττητε

109 2042 169 2118 τάς
193 2039 384 2125 ἀποκρίσεις
405 2034 461 2102 καὶ
484 2033 589 2122 μηδὲν
612 2037 809 2120 παράγησθε
827 2034 885 2103 ὑπ’
908 2037 1022 2121 αὐτοῦ,
1046 2054 1125 2121 συγ-

110 2146 226 2232 γνούς,
251 2145 302 2210 ὅτι
323 2146 361 2209 τὸ
383 2144 491 2230 χρεὼν
510 2142 572 2208 ούκ
591 2145 698 2208 ἔνεστι
716 2151 946 2228 μετατεθῆναι,
971 2145 1126 2208 διελεῖται

110 2256 148 2319 τὸ
177 2251 276 2338 τέρας
301 2251 382 2336 ὑμῖν
409 2250 661 2332 ὅτιβούλεται
684 2253 859 2334 σημαίνειν
883 2247 939 2314 καὶ
962 2249 1023 2313 οὐκ
1047 2247 1126 2313 ἀπο-

110 2360 284 2446 κρύψεται.
1141 2373 1167 2413 ιο

65 2481 111 2532 187
180 2464 264 2530 LXI.
298 2468 408 2529 Ταῦτα
431 2465 599 2547 μαθόντες
622 2463 658 2528 ολ
677 2462 841 2549 πρέσβεις,
865 2461 978 2545 ἐπειδή
1003 2463 1126 2547 σχολήν

112 2573 130 2639 ὁ
164 2570 353 2655 πρεσβύτης
387 2571 460 2652 ἔσχε
492 2567 547 2633 καὶ
579 2567 732 2653 προῆλθέ
760 2592 810 2646 τις
842 2567 964 2645 αὐτούς
995 2570 1127 2653 μετιών,

112 2678 325 2752 εἰσελθόντες
347 2675 511 2762 φράζουσι
533 2682 579 2761 τςό
603 2675 719 2759 μάντει
741 2676 778 2740 τὸ
801 2674 906 2759 τέρας.
953 2676 1127 2761 σοφιζομέ-

110 2809 178 2852 νου
202 2779 236 2848 δ’
259 2781 363 2847 αὐτοῦ
381 2779 436 2845 καὶ
455 2780 700 2867 διαγράφοντος
719 2779 771 2846 ἐπὶ
789 2789 848 2866 τῆς
866 2789 926 2865 γῆς
940 2793 1129 2867 περιφερεῖς

186 2945 201 2993 1
223 2937 307 3010 μάντι
324 2936 348 2990 Β
420 2943 436 2991 2
456 2936 679 3008 ἀποκρινάμενοι
695 2938 718 2991 Β
783 2946 798 2994 6
817 2937 986 3010 περιγράφει
1005 2939 1030 2991 Α
1046 2942 1050 3008 λ
1067 2939 1129 2993 σκέ-

111 3032 187 3068 πωνι
206 3009 255 3064 Bb
292 3009 431 3063 σκαίπωνι
449 3008 495 3062 Ba
580 3007 665 3071 9τάς
688 3025 741 3064 om.
761 3010 787 3062 A
874 3016 906 3064 10
925 3011 1025 3081 αύτού]
1049 3007 1086 3065 αὖ
1105 3025 1128 3062 ο.

111 3082 219 3138 Reiske
235 3082 241 3150 Ι
256 3080 422 3135 τούναντίον
437 3078 460 3134 O
492 3080 658 3134 τούναντίον
667 3079 803 3151 (νότιον)
814 3080 943 3135 Schnelle
956 3082 1052 3135 Exere.
1068 3080 1129 3133 crit.

110 3173 139 3225 p.
156 3160 191 3208 27
211 3160 294 3206 τοῦτο
312 3148 407 3206 νότιον
426 3167 448 3205 ο.
465 3149 588 3204 Sintenis
602 3150 718 3205 Hermes
732 3151 806 3206 1473
867 3156 898 3205 11
919 3151 1044 3219 σκήπωνι
1054 3147 1129 3202 ABb

112 3227 236 3282 σκίπωνι
254 3222 300 3275 Ba
324 3221 328 3293 Ι
354 3216 439 3276 έποίω
458 3219 505 3274 Βει
542 3219 631 3294 έ<πλ>
654 3224 725 3295 ποίῳ
744 3221 791 3276 Bb
863 3217 910 3276 έπλ
930 3225 1019 3277 ποίων
1038 3221 1063 3270 Α
1099 3212 1130 3266 ἕν

111 3298 186 3352 ποίω
206 3311 229 3349 ο.
249 3291 339 3347 Cobet
357 3292 422 3346 obs.
442 3309 469 3360 p.
489 3297 524 3346 90
587 3300 620 3347 14
638 3293 744 3348 τούτων
763 3292 828 3346 add.
847 3293 870 3345 B
927 3301 959 3347 16
977 3286 1047 3355 παρ’
1063 3285 1130 3350 ὑμῖν

112 3351 277 3437 ὃῖεβῖιειιιιε
332 3368 367 3417 22
385 3361 541 3486 πρεσβύτης
559 3361 648 3418 Cobet
666 3363 731 3417 Obs.
746 3383 773 3433 p.
784 3370 818 3419 89
854 3358 1012 3434 πρέσβυςΟ
1029 3364 1132 3423 1ποθέ-

113 3435 232 3509 ῆλθεΟ
270 3437 397 3504 προῆλθε
417 3433 453 3502 Sy
466 3433 538 3502 burg
