2414 3840
120 172 187 238 404
548 172 707 225 -τ-

122 336 204 401 ὅσον
228 334 269 400 άν
293 334 528 418 ἐξενέγκασθαι
552 334 689 399 δύναιτο
712 333 822 416 αὐτός,
845 331 900 399 καὶ
920 334 983 399 ἀπὸ
1001 341 1060 416 τῆς
1078 334 1133 398 άλ-

86 448 181 526 2λης
209 445 298 519 λείας
325 446 462 518 πολλαῖς
484 438 540 506 καλ
561 446 676 518 καλαῖς
699 441 869 528 ἀπαρχαῖς.
917 444 998 524 βοῆς
1022 437 1059 506 δέ
1082 466 1133 525 γε-

122 547 266 633 νομένης
293 547 326 626 ἐξ
350 547 505 613 ἁπάντων
529 549 686 632 μεγάλης,
715 549 759 625 ὡς
783 547 825 614 δν
847 548 1077 614 ἐπαινούντων
1098 572 1133 613 τε

123 653 178 721 καί
201 654 450 739 συνηδομένων,
474 656 672 741 προσελθὼν
696 655 882 741 ὁΜάρκιος
901 662 948 742 τῷ
966 676 1001 719 τε
1020 654 1133 742 ὑπάτω

99 763 222 848 ιχάριν
245 761 369 828 εἰδέναι
393 761 539 846 μεγάλην
561 764 626 846 ἐφη
648 759 704 827 καὶ
721 772 791 839 τοῖς
808 764 922 839 ἄλλοις
940 762 1064 828 ἅπασιν
1082 759 1134 827 ἐπὶ

123 880 195 946 ταῖς
222 879 345 954 τιμαῖς,
374 863 421 935 ὧν
448 869 551 936 αὐτὸν
573 869 702 953 ἠξίουν·
736 869 777 935 ού
800 868 913 954 μέντοι
936 870 1134 955 καταχρήσε-

125 979 211 1042 σθαί
234 973 265 1059 γ’
298 976 427 1058 αὐτοῖς,
457 976 727 1061 ἀρκεσθήσεσθαι
756 973 792 1042 δέ
819 984 865 1065 τῷ
893 973 929 1041 θ’
961 976 1050 1062 ίππφ
1078 983 1135 1058 της

124 1086 353 1169 λαμπρότητος
379 1093 447 1148 τῶν
474 1086 619 1168 σημείων
642 1083 754 1149 ἕνεκεν
776 1081 831 1149 καὶ
855 1081 904 1148 ἑνὶ
929 1082 1134 1169 αἰχμαλώτῳ,

125 1190 163 1266 δς
185 1191 300 1272 ἔτυχεν
323 1187 411 1275 αὐτῷ
436 1187 527 1267 ξένος
551 1190 607 1255 ὥν.
644 1191 679 1255 οί
700 1186 737 1254 δέ
760 1199 957 1275 στρατιῶται
978 1187 1033 1255 καὶ
1057 1192 1136 1272 πρό-

91 1320 117 1359 ιο
126 1319 223 1379 τερον
247 1294 406 1377 ἀγάμενοι
428 1297 488 1360 τὸν
511 1296 618 1381 άνδρα
640 1305 697 1381 τῆς
720 1298 964 1380 γενναιότητος,
987 1298 1035 1360 ἐτι
1057 1300 1136 1381 μάλ-

126 1406 186 1466 λον
218 1400 417 1485 ἐθαύμασαν,
445 1409 502 1484 τῆς
531 1401 714 1488 ὑπεροψίας
740 1411 801 1468 τοῦ
828 1403 975 1469 πλούτου
1002 1399 1059 1468 καὶ
1087 1403 1137 1467 ὅτι

126 1510 264 1594 μετρίως
295 1509 413 1592 ἤνεγκε
444 1508 506 1591 την
537 1510 704 1592 τοσαύτην
736 1510 901 1594 εὐτυχίαν.
947 1509 983 1575 ἐκ
1014 1510 1137 1575 τούτου

127 1615 335 1700 Κοριολανὸς
357 1613 523 1699 ἐπεκλήθη
546 1625 607 1681 τοῦ
629 1618 740 1700 ἐργου,
763 1615 819 1681 καὶ
836 1616 971 1682 πάντων
990 1616 1138 1700 ἐγεγόνει

92 1724 194 1787 3τῶν
221 1723 303 1786 κατὰ
329 1722 390 1804 τὴν
417 1721 522 1806 αὐτὴν
549 1722 684 1804 ἡλικίαν,
709 1721 974 1805 ἐπιφανέστατος.
1019 1732 1079 1807 τῆς
1102 1720 1138 1788 δέ

92 1852 118 1894 ω
127 1830 210 1912 πρὸς
236 1831 315 1906 τοὺς
334 1823 500 1905 Ἀντιάτας
527 1830 631 1914 μάχης
657 1839 755 1895 τοῦτο
785 1830 953 1912 λαβούσης
979 1831 1017 1895 τὸ
1044 1830 1139 1907 τέλος

128 1937 165 2001 αί
184 1933 296 2001 λοιπαὶ
319 1946 386 2000 τῶν
401 1935 625 2001 Οὐολούσκων
647 1939 759 2013 πόλεις
782 1936 956 2002 διελύοντο
974 1937 1037 2020 τὴν
1055 1938 1201 2021 πρὸςικεο

127 2045 206 2119 τοὺς
232 2038 412 2127 Ῥωμαίους
444 2044 585 2128 ἔχθραν,
617 2041 672 2107 καί
705 2043 779 2108 ὅσοι
805 2044 846 2108 τά
873 2044 971 2128 όμοια
999 2042 1141 2121 ἐκείνοις

128 2148 308 2235 ἐφρόνουν,
328 2143 409 2215 οἵτ’
431 2149 467 2215 ἐν
485 2159 555 2226 τοῖς
572 2149 687 2226 ὅπλοις
704 2150 768 2233 ἤδη
788 2151 891 2233 όντες,
911 2147 966 2215 καὶ
985 2150 1021 2215 οί
1034 2172 1140 2234 παρα-

129 2259 361 2340 σκευαζόμενοι
390 2258 449 2322 τὸν
478 2259 624 2340 πόλεμον
652 2254 844 2321 ἐπέπαυντο.
891 2248 941 2333 οἷς
968 2257 1093 2321 ἅπασιν
1121 2257 1139 2322 ὁ

93 2388 119 2427 ιο
129 2367 327 2449 Πόστουμος
359 2363 508 2438 ἐπιεικῶς
537 2362 758 2448 χρησάμενος,
791 2360 992 2448 ἀνέστρεψεν
1019 2361 1074 2428 ἐπὶ
1100 2365 1142 2428 τὰ

130 2472 246 2554 οἰκεία,
264 2468 319 2536 καί
337 2473 479 2553 διαφῆκε
497 2470 558 2554 την
577 2469 743 2555 στρατιάν.
776 2468 924 2544 Κάσσιος
942 2465 973 2533 δ’
992 2469 1010 2535 ὁ
1029 2468 1142 2556 ἕτερος

129 2587 195 2643 τῶν
227 2577 362 2643 ὑπάτων
396 2577 413 2643 ὁ
444 2573 678 2661 καταλειφθείς
706 2576 742 2640 ἐν
770 2583 810 2660 τῇ
833 2569 939 2659 Ῥώμη
967 2576 1027 2641 τὸν
1054 2577 1142 2642 νεὼν

129 2694 186 2768 τῆς
204 2706 238 2749 τε
252 2686 432 2769 Δήμητρος
449 2682 505 2748 καὶ
515 2685 689 2749 Διονύσου
707 2681 763 2749 καὶ
772 2686 885 2770 Κόρης
902 2682 939 2749 ἐν
958 2691 1004 2770 τῷ
1018 2682 1141 2767 μεταξὺ

130 2793 239 2879 χρόνῳ
262 2790 479 2878 καθιέρωσεν,
504 2791 540 2867 ὅς
563 2789 653 2855 ἐστιν
676 2787 729 2855 ἐπὶ
751 2800 822 2867 τοῖς
843 2789 981 2876 τέρμασι
1003 2798 1065 2854 τοῦ
1087 2814 1142 2874 με-

95 2921 121 2962 25
131 2902 247 2984 γίστου
279 2908 346 2963 τῶν
379 2898 594 2983 ἱπποδρόμων
625 2892 708 2982 ὑπὲρ
741 2896 842 2973 αὐτάς
874 2894 1053 2980 ίδρυμένος
1084 2897 1142 2973 τὰς

131 3005 275 3091 άφέσεις,
299 3003 481 3090 εὐξαμένου
504 3001 564 3088 μὲν
588 3004 690 3068 αὐτὸν
708 3003 824 3068 Αύλου
840 3005 1056 3087 Ποστουμίου
1079 3011 1140 3068 τοῦ

202 3242 217 3289 2
237 3239 352 3298 πολλαῖς
374 3233 423 3289 καί
446 3232 510 3287 add.
529 3232 552 3284 Β
607 3238 623 3286 3
644 3231 680 3294 ὡς
703 3231 948 3287 συνεπαινούντων
973 3248 995 3286 ο.
1021 3230 1143 3300 Sylburg

131 3307 240 3381 4<τε>
258 3307 305 3360 Bb
324 3306 355 3360 in
372 3322 426 3360 ras.
446 3311 462 3358 2
482 3302 537 3358 litt.
611 3302 769 3373 ὂμεγάλην
788 3303 895 3357 add.B
968 3302 1143 3372 6καταχρή-

132 3383 239 3433 σασθαι
256 3379 309 3432 ΑΒ
390 3383 425 3432 20
444 3372 593 3445 ποστόμιος
611 3374 657 3429 Ba,
692 3375 860 3445 ποστούμιος
878 3374 955 3428 ABb
1037 3380 1072 3430 26
1090 3393 1144 3428 πο-

133 3451 246 3520 στομίον
264 3451 310 3504 Ba
344 3448 514 3518 ποστουμίου
534 3443 610 3499 ABb
