2414 3840
534 180 799 245 -Δ-,
1081 173 1123 238 21

59 347 173 404 662τοῦ
195 335 361 422 βασιλέως
384 340 596 424 προαίρεσιν,
619 338 745 402 ἅπασαι
767 337 826 401 τὸν
849 337 993 402 Τύλλιον
1015 346 1125 420 ψηφο-

107 448 321 531 φορήσουσιν
350 445 389 510 αί
416 453 576 531 φρᾶτραι,
608 441 665 510 καὶ
691 441 860 530 περιέσται
887 451 932 530 τῷ
962 440 1060 527 ἀνδρί
1087 444 1124 508 τὸ

108 553 222 617 δοκεῖν
239 553 325 618 κατὰ
343 554 470 635 νόμους
488 553 610 637 ἄρχειν.
644 548 758 629 ἔδοξεν
778 546 840 616 οὖν
858 550 973 627 αὐτοῖς
987 551 1126 634 ἄμεινον

106 654 195 724 εἶναι
217 655 403 724 κλέπτοντα
424 659 486 742 τῆν
509 657 615 744 ἀρχὴν
637 659 697 723 τὸν
719 658 826 743 ἄνδρα
844 655 899 723 καί
917 658 1126 743 παρακρουό-

106 788 212 850 μενον
239 767 320 842 τοὺς
346 766 483 841 πολίτας
510 769 636 849 μᾶλλον
663 763 684 847 ῆ
711 766 871 829 πείσαντα
893 763 948 829 καί
972 774 1152 850 φανερῶςῡ

106 874 256 955 λαβόντα
273 870 433 956 κατέχειν.
453 865 524 936 ἀλλ’
555 867 657 936 οὐδὲν
676 870 790 947 αύτοῑς
808 867 938 954 ἐγένετο
952 870 1160 956 προύργουθ

106 989 177 1043 τῶν
209 976 471 1062 λελογισμένων·
509 977 596 1043 οὕτω
628 979 933 1063 κατεστρατήγησεν
963 976 1126 1052 αὐτοὺςὸ

111 1085 257 1161 Τύλλιος
283 1081 339 1149 καὶ
365 1081 502 1167 κατέσχε
523 1084 586 1166 τῆν
609 1086 782 1177 βασιλείαν
805 1083 956 1148 ἀκόντων
980 1081 1126 1148 ἐκείνων.

105 1191 358 1268 κατασκευάσας
388 1191 453 1277 γὰρ
486 1189 522 1255 ἐκ
553 1195 681 1255 πολλοῦ
712 1191 825 1275 φῆμας
856 1189 1014 1273 λέγεσθαι
1044 1190 1126 1255 κατὰ

107 1299 200 1382 [τῆν]
229 1300 329 1363 πόλιν
358 1297 405 1373 ὡς
427 1295 715 1380 ἐπιβουλευόντων
739 1296 829 1384 αύτῷ
851 1306 919 1361 τῶν
941 1298 1125 1382 πατρικίων
1140 1315 1166 1354 10

105 1408 284 1488 προῆλθεν
310 1404 358 1480 είς
379 1404 441 1486 τὴν
464 1402 592 1488 ἀγορὰν
615 1401 741 1486 ἐσθῆτα
763 1404 909 1489 πιναρὰν
931 1404 1126 1488 περιβεβλη-

106 1509 210 1595 μένος
241 1506 297 1574 καί
327 1509 478 1593 κατηφὴς
507 1509 676 1593 συνούσης
708 1509 796 1597 αύτῷ
828 1507 884 1575 καί
914 1518 972 1592 τῆς
1004 1510 1127 1594 μητρὸς

104 1614 272 1700 Ὀκρισίας
303 1613 359 1680 καὶ
390 1624 448 1699 τῆς
484 1618 673 1702 Ταρκυνίου
704 1617 864 1698 γυναικὸς
899 1617 1126 1691 Τανακυλίδος

106 1721 165 1788 καὶ
187 1731 247 1806 τῆς
267 1725 461 1807 συγγενείας
479 1732 537 1806 τῆς
554 1726 726 1806 βασιλικῆς
745 1722 831 1805 ὅλης.
869 1722 972 1806 ὄχλου
991 1719 1027 1786 δὲ
1046 1738 1127 1786 συν-

111 1832 302 1917 δραμόντος
328 1834 455 1895 πολλοῦ
484 1831 567 1915 πρὸς
589 1831 626 1895 τὸ
650 1827 840 1911 παράδοξον
864 1837 922 1912 τῆς
944 1829 1053 1907 ὄψεως
1076 1827 1125 1893 ἐκ·
1140 1843 1166 1885 15

107 1939 252 2021 κλησίαν
281 1934 487 2020 συγκαλέσας
513 1940 686 2021 προῆλθεν
714 1933 767 2001 ἐπὶ
789 1937 827 2001 τὸ
850 1938 939 2020 βῆμα
961 1933 1017 2000 καλ
1041 1934 1126 2012 διεξ-

106 2048 194 2127 ῆλθε
216 2043 371 2107 τοιοῦτόν
393 2065 469 2107 τινα
491 2044 603 2125 λόγον.

179 2149 234 2215 XI.
259 2146 380 2214 Οὐκέτι
402 2172 460 2233 μοι
482 2145 644 2234 περὶτῶν
662 2152 851 2234 Ταρκυνίου
870 2149 1001 2213 παίδων
1020 2149 1126 2231 μόνον

51 2255 131 2322 6636
155 2256 316 2332 κίνδυνός
339 2254 446 2338 ἐστιν,
468 2255 525 2319 ἵνα
548 2251 653 2338 μηδὲν
675 2254 740 2320 ὑπὸ
763 2264 830 2319 τῶν
854 2253 987 2339 ἐχθρῶν
1011 2252 1126 2317 δεινὸν

107 2364 284 2444 πάθωσιν,
317 2358 388 2425 ἀλλ’
419 2361 485 2444 ῆδη
517 2359 574 2430 καὶ
604 2359 680 2446 περὶ
711 2369 768 2444 τῆς
800 2359 879 2444 ἐμῆς
910 2369 1018 2444 ψυχῆς
1050 2357 1126 2435 δέος
1139 2375 1166 2416 20

108 2468 307 2555 είσέρχεται,
335 2469 379 2552 μῆ
406 2469 525 2554 πικρὰς
551 2467 692 2553 ἀμοιβὰς
717 2475 775 2550 τῆς
802 2467 1018 2551 δικαιοσύνης
1045 2466 1126 2532 ἀπο-

107 2577 210 2659 λύβω.
248 2573 505 2658 ἐπιβουλεύομαι
523 2575 588 2660 γὰρ
610 2573 676 2639 ὑπὸ
694 2583 762 2639 τῶν
779 2575 973 2661 πατρικίων,
996 2572 1051 2639 καί
1071 2597 1125 2658 με-

107 2682 280 2767 μήνυνταί
299 2702 356 2765 μοι
378 2676 467 2757 τινὲς
490 2679 523 2758 ἐξ
547 2679 657 2745 αὐτῶν
681 2680 875 2746 ἀποκτεῖναί
895 2702 935 2764 με
958 2681 1125 2764 συνομνύ-

107 2812 206 2873 μενοι
239 2786 383 2872 ύδίκημα
416 2783 478 2871 μὲν
510 2783 612 2852 οὐδὲν
640 2787 718 2852 ούτε
745 2790 856 2872 μεῖζον
885 2782 958 2851 οὔτ’
988 2788 1125 2852 ἔλαττον

109 2896 244 2980 ἔχοντες
270 2893 437 2977 ἐγκαλεῖν,
465 2888 513 2959 ὧν
541 2889 578 2958 δὲ
605 2893 665 2957 τὸυ
693 2895 800 2978 δῆμον
825 2887 862 2958 εὖ
885 2894 1047 2976 πεποίηκα
1069 2891 1124 2959 καὶ
1138 2907 1164 2948 2⁵

136 3086 433 3212 ⁴1⁷f3⁹⁰al⁰fss⁶wffi
507 3083 580 3192 θαξἰ
592 3093 718 3211 φρᾶὸραχ
734 3084 845 3208 Ιιιδᾴ.Β
928 3084 1126 3176 7λ<ελ>ογισ.

106 3173 270 3285 ’δειδῗέἱεὶῐοω
285 3159 290 3227 Ι
306 3163 550 3301 οίῗδωςύκρ<ι>σίίαῗς
567 3157 842 3295 ΒτένΤαναιῗυλλίδος
859 3161 1125 3296 ffiolvfflffl

105 3300 252 3370 θυγατρὸς
270 3298 296 3352 R
355 3304 389 3353 14
408 3300 569 3371 βασιλειιιῆς
586 3300 634 3353 Ba
670 3301 814 3372 βασιλικῆς
832 3295 909 3350 ABb
966 3302 998 3349 16
1016 3298 1124 3362 παρῆλ-

105 3374 164 3426 θεν
188 3387 211 3426 ο.
236 3368 326 3425 Cobet
348 3369 414 3426 obs.
432 3389 460 3441 p.
481 3377 514 3426 Π
605 3377 639 3424 21
660 3369 812 3440 εἰσέρχεται
830 3368 854 3420 Β
892 3361 1081 3433 ἐπεισέρχεται
1099 3364 1125 3416 R

107 3438 154 3511 ἔμ’
172 3439 327 3512 εἰσέρχεται
346 3457 369 3497 ο.
389 3440 478 3497 Cobet
495 3442 598 3496 Mnem.
613 3441 651 3494 IX
668 3459 696 3511 p.
712 3447 763 3496 319
823 3445 858 3492 24
877 3431 961 3489 οὐδὲν
981 3434 1046 3489 εδδ.
1065 3433 1088 3486 Β
