2414 3840
424 177 588 226 -E-
949 174 1014 240 227

18 311 118 396 ῐώῑδν
137 330 276 418 ἐγένετο,
299 343 358 419 τῆς
379 334 621 420 ὑποχωρήσεως
639 336 686 412 είς
703 333 765 419 την
782 339 881 401 πόλιν
901 337 941 402 οὐ
960 339 1016 403 διδι

18 440 134 524 μακροῦ
156 439 339 526 γενομένης
366 439 422 507 καὶ
449 451 517 508 τῶν
545 439 598 507 ἐπὶ
624 451 695 519 τοῖς
721 444 842 527 τείχεσι
865 446 944 521 τοὺς
966 446 1016 510 δι-

18 533 149 625 ὗξανιας
179 546 495 634 ἀποκρουσαμένων.
541 549 621 633 μετδ
652 557 751 614 τοῦτο
784 551 821 615 τὸ
852 551 953 636 ἔργον
984 551 1019 615 οί

18 641 74 717 a&
98 652 266 740 ἐπίκουροι
296 652 594 731 διασκεδασθέντες
623 652 772 740 ἀπῄεσαν
803 653 904 722 οὐδὲν
935 661 1015 736 τοὺς

18 750 104 824 ἔνδον
125 759 370 845 ὠφελήσαντες·
398 759 420 844 ἡ
444 755 482 825 δέ
503 762 599 837 πόλις
622 760 659 827 ἐν
682 772 754 839 ταῖς
778 763 893 841 αὐταῖς
914 765 1038 831 πάλινε

18 856 148 949 ἐγεγόνει
185 874 375 952 συμφοραῖς
412 863 467 931 καὶ
497 873 538 951 τη
570 866 689 932 σπάνει
724 877 792 933 τῶν
824 868 1015 952 ἀναγκαίων

18 964 167 1056 hovem,
193 972 277 1038 κατά
304 967 343 1037 δέ
368 975 448 1049 τοὺς
475 972 597 1050 αὐτοὺς
618 976 763 1058 χρόνους
785 972 908 1053 Σέξτος
930 979 1051 1062 Ταρ-4

18 1078 115 1158 κόνιος
140 1080 232 1164 άγων
260 1081 417 1166 στρατιάν
444 1081 602 1146 Λατίνων
630 1078 682 1146 ἐπὶ
710 1083 856 1164 Σιγνίαν
881 1104 1014 1167 κατεχο-

18 1182 105 1270 Ιμένην
130 1185 196 1252 ὑπὸ
219 1181 391 1270 Ῥωμαίων
421 1184 652 1271 ἐστράτευσεν,
685 1186 730 1264 ὡς
758 1184 792 1265 ἐξ
820 1185 947 1272 ἐφόδου
976 1190 1015 1253 τὸ

18 1292 167 1378 φρούριον
202 1293 491 1378 παραληψόμενος.
541 1295 703 1375 γενναίως
739 1289 777 1358 δέ
812 1303 879 1359 τῶν
912 1296 1014 1361 ἔνδον
1024 1320 1052 1360 ιο

18 1391 315 1484 ἀπομαχεσαμένων,
338 1399 587 1484 παρεσκεύαστο
611 1395 672 1484 μέν
695 1400 739 1477 ὡς
756 1405 840 1488 λιμῷ
860 1404 939 1479 τοὺς
957 1401 1015 1468 ἀν-

18 1503 158 1589 θρώπους
189 1506 227 1570 τὸ
258 1506 384 1590 χωρίον
418 1498 566 1570 ἐκλιπεῖν
598 1504 797 1588 ἀναγκάσων
824 1505 879 1572 καὶ
905 1512 1014 1574 πολὺν

18 1608 122 1677 εόιόθι
139 1612 264 1698 χρόνον
283 1607 384 1676 οὐδέν
403 1609 579 1695 ἀξιόλογον
592 1611 747 1697 πράττων
762 1611 911 1677 διετέλει·
935 1612 1015 1678 ἀπο-

18 1717 109 1801 ίνχδιν
145 1715 184 1784 δὲ
214 1716 269 1784 καὶ
299 1719 422 1802 ταύτης
454 1726 512 1802 τῆς
545 1717 678 1794 ἐλπίδος
710 1716 913 1802 ἀφικομένης
944 1730 1014 1797 τοῖς

18 1833 163 1910 Ρρουροίς
195 1824 318 1910 ἀγορᾶς
346 1847 382 1890 τε
410 1821 466 1890 καὶ
493 1826 654 1908 βοηθείας
682 1823 746 1888 άπὸ
773 1833 841 1888 τῶν
868 1824 1013 1909 ὑπάτων,
1024 1848 1051 1889 ιι

18 1926 102 2009 λάσας
122 1931 186 2015 τὴν
206 1933 403 2016 πολιορκίαν
426 1929 530 2014 ἀπῆγε
552 1931 611 2007 τάς
634 1930 799 2013 δυνάμεις.

70 2036 200 2104 ΙΝἸΠΙ.
235 2041 287 2126 Τῷ
316 2034 347 2103 δ’
376 2036 449 2122 ἑξῆς
478 2036 618 2124 ἐνιαυτῷ
638 2032 792 2120 Ῥωμαῖοι
814 2043 1015 2102 καθιστᾶσιν

18 2137 145 2223 ὖπότους
171 2148 272 2211 Τίτον
289 2146 439 2230 Λάρκιον
463 2144 600 2227 Φλάβον
622 2142 677 2208 καί
691 2145 838 2208 Κόιντον
853 2146 1015 2209 Κλοίλιον

18 2246 151 2321 Σικελόν.
196 2253 326 2318 τούτων
355 2251 373 2317 δ
402 2247 465 2336 μέν
488 2252 646 2326 Κλοίλιος
673 2251 713 2314 τά
740 2251 892 2315 πολιτικά
913 2251 1015 2335 πράτ-

18 2371 72 2421 τειν
96 2359 219 2443 ἐτάχθη
247 2357 311 2423 ὑπὸ
338 2367 397 2443 τῆς
426 2361 551 2441 βουλῆς
572 2357 633 2440 την
656 2355 812 2441 ἡμίσειαν
835 2365 893 2441 τῆς
914 2374 1050 2442 στρα-εο

18 2469 74 2541 ‘uie
93 2468 178 2550 ἔχων
202 2470 352 2549 φυλακῆς
372 2463 469 2530 ἕνεκα
487 2475 554 2530 τῶν
573 2466 846 2550 νεωτεριζόντων,
870 2463 1014 2548 ἐπιεικὴς

18 2564 65 2648 ῑδν
84 2572 188 2657 φάσιν
212 2567 299 2637 εἶναι
322 2573 432 2637 δοκῶν
455 2568 511 2636 καί
534 2572 721 2655 δημοτικός.
765 2570 783 2636 δ
808 2566 845 2635 δὲ
866 2570 1014 2655 Λάρκιος

18 2664 58 2739 ἐπὶ
81 2681 140 2746 τὸν
166 2679 250 2746 κατὰ
276 2680 471 2763 Φιδηναίων
499 2681 644 2763 πόλεμον
668 2675 892 2762 ἐξηρτυμένην
914 2694 1014 2763 στρα-

18 2779 76 2851 ῐιδν
97 2787 189 2872 άγων
206 2784 320 2852 καὶτὰ
340 2788 386 2863 είς
403 2788 601 2870 πολιορκίαν
621 2784 788 2868 ἐπιτήδεια
806 2799 1013 2869 παρασκευα-

18 2885 143 2974 ῐόμενος
166 2891 278 2981 ᾤχετο.
314 2890 536 2977 πονουμένοις
553 2914 587 2956 τε
605 2897 651 2978 τῷ
671 2892 766 2975 μηκει
786 2900 846 2956 τοῦ
865 2889 1013 2976 πολέμου

18 2993 58 3061 ’κδ
88 3000 222 3066 πάντων
254 3001 449 3078 σπανίζουσι
480 3008 548 3063 τῶν
582 2997 771 3080 ἀναγκαίων
801 3001 943 3083 χαλεπὸς
970 2993 1013 3081 ἦν

1027 2863 1049 2926 2

1023 2948 1049 2990 25

74 3233 87 3280 1
106 3229 198 3283 αὐτῶν
218 3243 272 3282 om.
286 3226 309 3279 Β
325 3229 329 3295 Ι
346 3228 386 3289 είς
403 3226 454 3296 τὴν
473 3224 555 3282 πόλιν
574 3226 638 3281 add.
653 3226 676 3279 Β
732 3234 747 3282 7
768 3221 894 3282 ἐπονεῖτο
908 3223 1013 3304 Reipke

18 3293 137 3354 ῑόνειΟ
206 3297 375 3369 8στρατιδιν
394 3298 471 3352 ABb
509 3299 656 3369 στρατείαν
675 3298 721 3351 Βιι
740 3299 769 3350 et
788 3297 828 3350 sic
848 3294 1012 3364 saepissme

18 3360 37 3412 Β
59 3369 175 3443 φλάβιον
194 3370 248 3424 ΑΒ
321 3375 355 3424 26
374 3367 632 3439 καταπονουμένοις
651 3385 674 3423 e.
694 3367 783 3422 Cobet
802 3367 866 3421 obs.
885 3383 912 3433 p.
934 3369 983 3417 103
1005 3360 1010 3430 Ι

18 3439 64 3500 ὓῖε
80 3443 242 3511 φιδηναίοις
258 3441 333 3508 quod
347 3439 426 3494 ABc
464 3440 600 3495 omittunt
613 3441 679 3510 post
692 3437 814 3508 πολέμου
830 3433 932 3503 0ng
947 3429 1013 3485 add.

797 3523 852 3580 15*
