2414 3840
500 166 664 225 -A-
1049 163 1090 228 81

71 330 195 412 λόγους
218 327 264 404 ὡς
286 328 370 392 κατά
390 327 430 391 τὸ
450 326 582 391 δίκαιον
600 323 690 413 αύτῷ
708 325 953 410 προσηκούσης,
977 323 1090 409 έπειδή

74 434 264 520 Ταρκύνιος
294 432 400 518 αὐτήν
432 429 589 518 κατέσχεν
622 432 640 498 ὁ
668 432 800 510 πάππος
828 431 933 497 αὐτοῦ
959 428 1091 518 πολέμφ
1134 497 1137 502 .

70 539 289 624 κτησάμενος,
307 537 363 606 καὶ
381 541 439 618 τάς
458 542 629 624 συνθήκας
646 542 820 625 παρείχετο
838 541 897 617 τάς
910 536 1093 622 γενομένας

70 657 144 724 ταῖς
170 648 289 711 πόλεσι
315 647 399 732 πρὸς
422 646 561 713 ἐκεῖνον.
605 648 714 712 πολὺν
739 642 775 711 δὲ
798 649 900 728 λόγον
923 641 1007 728 ὑπὲρ
1029 645 1129 710 τοῦ2

70 755 208 818 δικαίου
231 749 377 818 καὶτῶν
400 752 588 838 ὁμολογιῶν
611 751 794 831 διεξελθὼν
817 750 871 817 καὶ
890 751 1016 836 μεγάλα
1033 752 1118 828 τάςῡ

69 861 186 936 πόλεις
203 858 433 945 εὐεργετήσειν
451 860 690 945 ὑποσχόμενος,
714 858 773 925 ἐάν
791 857 828 924 έν
846 866 885 943 τῇ
904 860 1000 944 φιλίᾳ
1020 858 1092 922 δια-

70 967 228 1050 μείνωσι,
260 970 424 1038 τελευτῶν
456 969 591 1032 ἔπειθεν
624 965 747 1042 αύτούς
778 963 831 1031 ἐπὶ
862 965 900 1028 τὸ
930 965 1091 1046 Σαβίνων

70 1074 176 1149 ἔθνος
195 1073 441 1156 συστρατεύειν.
477 1073 522 1150 ῶς
541 1066 571 1136 δ’
589 1071 755 1137 ἐπαύσατο
774 1069 892 1155 λέγων,
910 1069 1128 1154 παρελθὼν3

70 1177 90 1242 ὁ
119 1177 251 1262 Τύρνος
275 1177 293 1243 ὁ
316 1175 453 1244 καὶτὸν
476 1178 621 1262 ὀψισμὸν
644 1177 749 1244 αὐτοῦ
770 1177 940 1260 διαβαλὼν
958 1175 1020 1242 οὐκ
1039 1182 1090 1241 εία

69 1284 152 1360 τοὺς
179 1280 367 1367 συνέδρους
393 1293 603 1370 παραχωρεῖν
625 1290 672 1371 τῷ
696 1281 796 1367 ἀνδρὶ
818 1292 877 1368 τῆς
899 1281 1015 1369 ἀρχῆς,
1044 1283 1090 1362 ῶς
1104 1301 1130 1342 10

70 1389 151 1456 οὔτε
177 1390 261 1455 κατὰ
285 1391 322 1454 τὸ
347 1391 478 1456 δίκαιον
501 1390 590 1478 αύτῷ
613 1390 850 1475 προσηκούσης
873 1386 944 1455 οὔτ’
967 1388 1020 1455 ἐπὶ
1043 1398 1088 1478 τῷ

71 1494 281 1580 συμφέροντι
307 1506 374 1561 τῶν
403 1499 560 1562 Λατίνων
588 1494 835 1580 δοθησομένης·
866 1493 922 1561 καὶ
945 1499 1091 1574 πολλοὺς

69 1597 156 1688 ὑπὲρ
185 1599 384 1687 ἀμφοτέρων
412 1602 565 1687 διεξῆλθε
593 1606 716 1687 λόγους
740 1604 799 1680 τάς
820 1600 882 1687 μὲν
905 1605 1089 1685 συνθήκας,

69 1706 111 1784 ἃς
138 1705 337 1791 έποιήσαντο
364 1711 448 1795 πρὸς
474 1710 534 1774 τὸν
560 1709 695 1775 πάππον
721 1709 825 1774 αὐτοῦ
848 1709 1090 1794 παραδιδόντες

68 1814 133 1897 τήν
154 1813 348 1899 ἡγεμονίαν,
373 1816 537 1881 λελύσθαι
560 1812 668 1900 λέγων
691 1817 772 1900 μετά
796 1816 857 1881 τὸν
876 1814 1007 1880 ἐκείνου
1026 1816 1090 1880 θά-
1104 1832 1130 1873 15

18 1929 175 1986 157vat'0v
203 1921 260 1985 διὰ
287 1923 324 1987 τὸ
348 1921 392 2006 μή
415 1923 695 2008 προσγεγράφθαι
708 1933 790 2016 ταῖς
814 1922 1005 2007 ὁμολογίαις
1027 1923 1090 2006 τὴν

69 2026 178 2110 αὐτὴν
201 2020 288 2091 εἶναι
311 2027 443 2113 δωρεὰν
464 2024 521 2093 καὶ
542 2037 613 2104 τοῖς
630 2031 820 2114 Ταρκυνίου
844 2027 1005 2112 ἐγγόνοις,
1029 2030 1090 2094 τὸυ

69 2131 102 2197 δ’
121 2130 280 2211 άξιοῦντα
292 2144 360 2199 τῶν
373 2142 435 2199 τοῦ
447 2133 583 2199 πάππου
599 2134 735 2220 δωρεῶν
748 2139 971 2220 κληρονομεῖν
986 2133 1090 2201 ἁπάν-

67 2263 138 2304 των
166 2238 358 2324 άνθρώπων
382 2240 666 2326 παρανομώτατον
689 2241 888 2325 ἀποφαίνων
910 2239 965 2305 καλ
989 2247 1089 2326 πονη-

69 2348 214 2431 ρότατον
244 2344 300 2410 καί
331 2347 390 2424 τὰς
420 2345 554 2433 πράξεις
586 2345 690 2412 αὐτοῦ
719 2346 866 2429 διεξιών,
895 2346 935 2423 ἃς
961 2342 1014 2410 ἐπὶ
1041 2353 1087 2434 τῷ
1103 2364 1130 2404 ω

67 2460 247 2537 κατασχεῖν
264 2454 327 2537 τήν
339 2448 509 2538 Ῥωμαίων
529 2451 634 2539 ἀρχὴν
653 2450 874 2518 ἐπετελέσατο.
907 2451 1124 2531 διεξελθὼν4

68 2556 107 2623 δὲ
129 2559 257 2636 πολλάς
279 2557 383 2623 αὐτοῦ
405 2555 462 2624 καὶ
485 2559 598 2635 δεινάς
618 2560 818 2646 κατηγορίας
840 2563 1002 2624 τελευτῶν
1021 2557 1088 2623 έδί-

68 2666 209 2748 δασκεν,
243 2664 287 2741 ὡς
319 2661 400 2730 οὐδὲ
430 2665 493 2748 τήν
525 2668 697 2748 βασιλείαν
730 2662 797 2751 εἶχε
828 2667 890 2750 τήν
924 2668 1087 2748 Ρωμαίων

66 2772 151 2835 κατὰ
173 2772 301 2854 νόμους
323 2764 401 2856 παρ’
423 2769 567 2836 ἑκόντων
586 2772 699 2855 λαβὼν
719 2774 828 2859 ὥσπερ
848 2772 884 2837 οί
898 2773 962 2857 πρὸ
983 2772 1087 2838 αὐτοῦ

67 2880 229 2960 βασιλεῖς,
253 2876 369 2954 ὅπλοις
392 2875 428 2942 δὲ
451 2874 506 2942 καὶ
529 2880 586 2965 βίμ
609 2881 809 2965 κατισχύσας
826 2881 1031 2964 τυραννικήν
1049 2903 1084 2945 τε
1098 2894 1126 2936 2⁵

68 2984 258 3067 μοναρχίαν
286 2983 575 3068 καταστησάμενος
602 2988 682 3063 τοὺς
711 2983 772 3070 μέν
801 2984 990 3049 ἀποκτείνοι
1017 2997 1085 3052 τῶν

68 3094 227 3172 πολιτῶν,
244 3091 324 3167 τοὺς
343 3086 373 3154 δ’
396 3088 565 3168 ἐξελαύνοι
583 3099 641 3175 τῆς
659 3093 827 3177 πατρίδος,
850 3088 977 3180 τῶυὶῑ-δὲ
995 3113 1086 3178 περι-

142 3287 157 3334 1
178 3281 254 3354 αύτῷ
272 3281 295 3334 Β
368 3289 384 3335 3
402 3281 574 3353 κτησάμενος
593 3283 682 3352 αὐτὴν
701 3283 723 3338 O
742 3284 854 3352 praeter
871 3284 895 3337 B
967 3289 983 3336 9
1003 3279 1086 3334 ὁκαὶ

71 3350 93 3402 Β
129 3350 180 3405 καί
197 3352 223 3404 R
314 3357 346 3407 17
367 3347 530 3424 ίκγόνοιςῦ
621 3361 656 3409 20
675 3353 724 3408 καλ
741 3354 794 3408 del.
814 3354 957 3422 Kiessling
980 3355 984 3419 Ι
1004 3349 1085 3422 τῷΒ

72 3420 102 3474 τὸ
120 3421 148 3474 R
179 3462 187 3471 .
218 3428 252 3477 23
273 3419 333 3492 ἔχοι
350 3439 373 3475 ο.
392 3423 535 3494 Kiessling
608 3432 643 3480 24
662 3425 753 3495 λαβὼν
772 3425 837 3478 add.
856 3424 905 3478 BC

125 3519 224 3563 Dtom.
238 3523 304 3563 Hm.
316 3522 348 3561 11.
370 3532 409 3562 τυ.
423 3523 524 3566 ῖιυοετ,
910 3517 928 3566 ἦ
