2414 3840
92 178 159 243 244
520 183 684 232 -E-

92 339 148 407 καὶ
171 343 308 417 θυσίαις
331 341 509 424 διετησίοις
528 342 564 407 οῖ
578 341 716 428 πατέρες
735 343 847 409 αὐτῶν
865 341 988 421 ἔταξαν
1006 367 1060 430 γερ

95 455 232 535 ρεσθαι,
266 446 447 532 μέλλοντας
476 450 716 533 σφενδονητῶν
747 451 940 535 συμμαχίαν
971 448 1027 516 ἐπὶ
1052 475 1060 515 ι

59 557 242 641 5πόλεμον
273 555 553 640 προσλαμβάνειν.
602 556 787 640 κεφάλαιον
820 553 859 623 δὲ
889 566 949 641 τῆς
980 557 1060 642 γνώχ

94 658 137 744 ἦν
165 661 254 749 αὐτῷ
282 662 371 726 τόδε·
409 664 488 738 τοὺς
513 657 575 747 μὲν
597 660 762 740 θέλοντας
784 674 851 729 τῶν
873 668 1025 729 πολιτῶν
1046 686 1060 728 κ

68 777 217 833 ινωνεῖν
240 775 298 850 τῆς
322 766 357 832 έκ
379 777 440 832 τοῦ
463 766 611 853 πολέμου
633 769 734 852 τύχης
757 766 811 834 ἐπὶ
832 779 904 846 τοῖς
927 769 1043 846 αὐτοῖς

95 876 221 955 καίοις,
251 864 302 950 οἷς
333 871 389 939 καὶ
420 884 487 939 τῶν
516 875 626 940 ἀλλων
654 873 805 958 ἕκαστος,
836 877 1060 962 παραλαμβάν

97 977 150 1046 ἐπὶ
181 980 223 1044 τά
253 979 442 1066 πράγματα·
481 983 560 1057 τοὺς
593 977 630 1045 δέ
666 982 749 1046 κατὰ
786 985 961 1066 συνθήκας
998 981 1060 1048 ὁπο

97 1087 220 1170 δήποτε
257 1084 432 1164 ἀξιοῦντας
469 1086 717 1171 ἀναλαμβάνειν
752 1089 794 1152 τά
829 1088 916 1153 ὅπλα
947 1085 1028 1173 περὶ
1058 1120 1060 1131 1

97 1194 270 1278 πατρίδος,
302 1192 346 1269 ὡς
369 1189 471 1258 οὐδὲν
494 1195 525 1257 εί
546 1193 682 1276 λάβοιεν
705 1194 956 1279 ὠφελήσοντας,
986 1195 1060 1279 χαίρ

57 1318 83 1358 10
98 1297 166 1363 ἐᾶν.
212 1299 243 1362 εί
268 1299 332 1383 γάρ
359 1308 458 1364 τοῦτο
487 1300 646 1383 μάθοιεν,
674 1297 776 1377 είξειν
803 1300 927 1377 αὐτοὺς
949 1303 1033 1384 ἔφη,

96 1401 250 1489 παρέξειν
274 1413 361 1489 σφῶς
384 1404 508 1482 αὐτοὺς
529 1415 599 1483 τοῖς
621 1407 662 1471 τά
683 1405 841 1490 κράτιστα
863 1404 940 1492 περὶ
963 1415 1026 1471 τοῦ
1047 1429 1060 1472 κ

96 1518 161 1576 νοῦ
182 1510 406 1593 βουλεύουσιν
430 1511 606 1589 εὐπειθεῖς.
643 1511 802 1578 είωθέναι
824 1515 888 1598 γάρ
912 1513 969 1578 ἀεί
987 1535 1060 1590 πως

97 1617 242 1700 ἀνόητον
274 1617 377 1700 άπαν,
411 1618 492 1683 ὅταν
521 1615 583 1701 μέν
609 1640 660 1694 τις
687 1617 769 1683 αὐτὸ
796 1619 961 1704 κολακεύῃ
991 1641 1060 1702 μεγι

98 1734 250 1809 φρονεῖν,
276 1724 356 1789 ὅταν
380 1720 416 1789 δὲ
441 1725 629 1806 δεδίττηται
652 1735 853 1810 σωφρονεῖν.

58 1849 84 1891 ιι
166 1829 332 1895 LXVIIII.
362 1825 472 1896 Αὗται
499 1825 560 1914 μὲν
585 1830 623 1894 αί
641 1835 798 1895 πλεῖστον
822 1829 977 1914 ἀλλήλων
1002 1832 1059 1896 δια

99 1951 219 2022 ρουσαι
253 1946 385 2020 γνῶμαι
416 1934 617 2020 ἐλέχθησαν,
655 1935 764 2022 ἕτεραι
797 1933 837 2001 δέ
865 1960 955 2013 τινες
989 1938 1027 2002 αί
1058 1968 1060 1981 ¹

99 2041 221 2128 μεταξὺ
252 2043 382 2108 τούτων
414 2045 551 2127 έχουσαι
581 2042 695 2127 χῶραν
728 2046 857 2127 συχναί.
903 2043 939 2108 οί
965 2040 1028 2128 μὲν
1055 2071 1060 2127 3

99 2149 222 2226 αὐτοὺς
246 2152 352 2235 μόνον
375 2148 538 2233 ἀφεῖσθαι
560 2159 628 2214 τῶν
651 2158 759 2234 χρεῶν
781 2151 861 2226 τοὺς
879 2145 987 2234 μηδὲν
1006 2174 1060 2216 κεκ

99 2255 222 2342 μένους
253 2255 385 2340 ἠξίουν,
415 2257 456 2321 τά
487 2257 637 2340 χρήματα
666 2263 842 2332 ποιοῦντες
868 2255 1022 2340 ἀγώγιμα
1048 2282 1060 2321 ι

60 2383 87 2424 εο
102 2365 312 2448 δανεισταῖς,
335 2362 376 2428 οὐ
403 2363 443 2427 τά
470 2362 621 2445 σώματα·
654 2362 689 2426 οί
715 2358 752 2427 δὲ
779 2363 817 2426 τὸ
845 2362 1013 2446 δημόσιον
1035 2363 1060 2429 ά

98 2480 166 2535 τῶν
194 2468 373 2534 ἀδυνάτων
401 2470 555 2533 διαλῦσαι
582 2468 623 2533 τά
647 2470 834 2551 συμβόλαια
857 2469 1060 2552 συνεβούλετ

100 2578 156 2642 ἵνα
182 2577 204 2660 ή
232 2599 267 2641 τε
295 2578 404 2651 πίστις
432 2585 499 2639 τῶν
522 2576 675 2658 πενήτων
697 2574 763 2639 ὑπὸ
785 2583 844 2658 τῆς
867 2575 1032 2660 δημοσίας
1053 2601 1060 2660 ι

99 2688 209 2767 λαχθή
246 2683 381 2767 χάριτος
411 2678 468 2746 καὶ
500 2681 536 2747 οί
566 2683 829 2766 συμβεβληκότες
862 2681 976 2760 αὐτοῖς
1008 2693 1060 2768 μηλ

100 2789 319 2872 ἀδικηθῶσιν.
355 2785 465 2851 ἐδόκει
488 2784 528 2851 δέ
548 2802 615 2852 τισι
637 2783 693 2851 καὶ
715 2795 782 2851 τῶν
803 2786 869 2869 ήδη
887 2785 1060 2872 κατεχομίτ

174 2951 189 2998 1
209 2943 239 2998 δ’
258 2948 321 3006 ταῖς
335 2937 455 3012 ἐτησίοις
468 2943 545 2997 ABb
574 2931 802 3011 διταιςαιτησίοις
815 2941 862 2996 Βε.
893 2941 1055 3014 δημοτελέσι

102 2963 354 3143 ξορτῖαῖςὸἀτησίφις
374 3011 698 3139 οὲΙῖείελιεΑδέετησίρις
711 3011 877 3139 Kiessliggt
912 3020 930 3068 4
950 3012 1060 3140 έὲδέλοχχ

101 3159 129 3214 Π
139 3087 192 3213 οῖβ]
206 3085 549 3225 οάοίἰςίεεεβυςκοβῗοβεε.
591 3200 596 3212 .
611 3102 757 3211 elubomovgi³
770 3102 938 3211 (ἀίδδῃείῃβθ
971 3103 1033 3211 τάδ’
1048 3174 1059 3210 ε

103 3227 189 3286 οὐδέν
209 3226 236 3284 εί
252 3227 338 3296 vulgo
362 3224 447 3283 οὐδὲν
466 3223 530 3282 οὐδ’
547 3247 560 3282 ε
590 3226 695 3281 Reiske
777 3232 810 3280 11
830 3226 866 3281 τά
885 3244 940 3282 om,
958 3227 1011 3281 AB

103 3300 212 3373 μεγάλα
232 3299 254 3353 Ο
291 3296 363 3368 μέγα
381 3315 404 3352 ο.
426 3298 549 3353 θίυῖειιίε
567 3297 627 3354 Em.
647 3297 729 3353 Dion.
744 3299 771 3353 II
785 3304 821 3352 34
839 3296 929 3353 Cobet
942 3297 1007 3353 obs.
1021 3315 1045 3367 p.

103 3373 139 3427 ef.
160 3372 273 3426 Observ.
293 3385 370 3423 meas
389 3369 503 3424 erifficas
521 3388 548 3440 p.
569 3376 621 3424 320
636 3386 685 3437 eqs
742 3375 775 3425 16
795 3363 973 3439 ἐλέχθησαν
990 3367 1034 3422 Bb

103 3450 159 3497 τῶν
177 3439 324 3513 ὑποχρέων
343 3457 366 3496 ο.
385 3440 489 3496 Reiske

150 3554 271 3620 (Αἱ
