2414 3840
484 156 648 205 -Δ-
1033 153 1075 217 οι

55 317 133 380 τότε
151 323 219 379 τῶν
238 315 366 397 ψήφων
387 316 465 391 τοὺς
483 313 546 379 ἀπὸ
560 323 621 380 τοῦ
635 317 750 399 τρίτου
763 318 943 400 τιμήματος
957 314 1079 381 ἐκάλει·
1144 297 1147 303 ¹

55 418 113 486 καὶ
139 420 318 506 τετάρτους
341 422 421 497 τοὺς
444 420 508 486 άπὸ
530 429 591 487 τοῦ
613 421 772 507 τετάρτου
793 424 982 505 τιμήματος.
1024 419 1079 486 καί

55 524 151 593 τοῦτ’
189 525 295 593 ἐποίει
318 525 414 613 μέχρι
436 535 497 592 τοῦ
518 526 678 610 γενέσθαι
702 530 822 613 λόχους
845 527 925 594 ἑπτά
947 525 1003 594 καί
1026 528 1078 593 ἐν-

56 637 222 718 ενήκοντα
243 634 442 717 ίσοψήφους.
474 634 506 698 εί
522 630 559 698 όέ
578 630 673 719 μέχρι
690 643 749 717 τής
767 632 914 719 πέμπτης
932 635 1114 718 κλήσεως5
1163 628 1170 641 ’

56 742 102 826 μή
122 741 219 825 τύχοι
237 747 338 805 τοῦτο
356 742 551 823 γενόμενον,
574 736 646 804 ἀλλ’
665 742 712 817 είς
730 746 786 805 ίσα
805 739 887 824 μέρη
907 747 1105 825 σχισθεῖενσ

57 848 95 912 αί
125 856 194 911 τῶν
226 844 344 911 ἑκατὸν
372 844 573 929 ἐνενήκοντα
601 847 663 912 δύο
692 849 801 932 λόχων
827 858 972 931 γνῶμαι,
1004 851 1079 914 τότε

57 954 120 1018 τὸν
147 955 289 1038 ἔσχατον
316 951 425 1018 ἐκάλει
453 955 569 1037 λόχου,
598 952 635 1018 ἐν
664 944 690 1040 ᾧ
714 955 751 1018 τὸ
775 963 842 1019 τῶν
866 953 1001 1039 ἀπόρων
1023 952 1079 1019 καὶ

58 1061 116 1126 διὰ
138 1055 231 1124 τοῦτ’
248 1058 441 1144 ἀφειμένων
460 1058 589 1142 ἁπάσης
607 1061 779 1145 στρατείας
796 1083 831 1125 τε
850 1058 906 1125 καὶ
920 1061 1080 1146 εἰσφορᾶς

56 1170 206 1231 πολιτῶν
229 1171 360 1250 πλῆθος
381 1161 439 1249 ήν·
463 1163 605 1252 ὁποτέρᾳ
629 1162 666 1230 δὲ
688 1172 874 1252 προσθοῖτο
898 1176 966 1231 τῶν
988 1170 1079 1253 μερί·

58 1273 130 1338 δῶν
153 1267 255 1348 οὗτος
278 1272 296 1337 ὁ
320 1274 429 1356 λόχος,
453 1271 536 1354 αὕτη
559 1271 597 1336 τὸ
620 1273 742 1359 κράτος
765 1271 937 1356 ἐλάμβανε.
979 1281 1077 1339 τοῦτο
1093 1291 1119 1330 1⁰

58 1377 88 1443 δ’
110 1374 156 1462 ήυ
185 1379 329 1444 σπάνιον
357 1376 412 1444 καὶ
436 1378 477 1443 οὐ
500 1379 631 1465 μακρὰν
654 1377 778 1464 άπέχον
800 1379 997 1445 τάδυνάτου.
1038 1382 1078 1445 τά

10 1487 166 1552 ὃδεπολλά
194 1481 257 1570 μέν
284 1487 348 1568 γὰρ
376 1482 429 1550 ἐπὶ
456 1493 514 1568 τής
542 1484 674 1570 πρώτης
696 1489 843 1570 κλήσεως
864 1484 959 1563 τέλος
982 1486 1079 1570 ἐλάμ-

57 1597 175 1677 βανεν,
199 1592 296 1675 ὀλίγα
319 1587 356 1657 δέ
379 1588 476 1677 μέχρι
498 1599 557 1674 τής
578 1593 736 1678 τετάρτης
758 1593 976 1679 προῦβαινεν·
999 1593 1020 1676 ή
1041 1591 1078 1658 δὲ

57 1697 190 1785 πέμπτη
213 1703 328 1782 κλήσις
350 1695 406 1764 καὶ
427 1697 448 1781 ή
471 1701 644 1764 τελευταία
667 1702 893 1785 παρείλκοντο.

125 1805 216 1871 ΧΧΙ.
262 1809 369 1869 Τοῦτο
405 1805 443 1868 τὸ
480 1805 662 1891 πολίτευμα
698 1804 987 1888 καταστησάμενος
1024 1802 1078 1868 καὶ
1094 1823 1119 1863 15

57 1910 288 1994 πλεονέκτημα
310 1920 381 1987 τοῖς
403 1912 577 1988 πλουσίοις
599 1916 775 1993 τηλικοῦτο
799 1912 880 1987 δοὺς
898 1913 1001 1976 ἐλαθε
1019 1913 1079 1976 τὸν

59 2021 180 2104 δήμου,
205 2019 315 2103 ὥσπερ
339 2019 442 2101 ἔφην,
466 2021 779 2103 καταστρατηγήσας
801 2015 855 2084 καί
878 2020 958 2094 τοὺς
980 2015 1080 2102 πένη-

57 2149 118 2203 τας
136 2125 303 2201 άπελάσας
320 2135 388 2189 τῶν
403 2133 536 2190 κοινῶν.
570 2124 806 2208 ὑπελάμβανον
820 2121 882 2209 μέν
895 2125 959 2209 γάρ
974 2114 1078 2188 άπανέ

57 2256 112 2310 τες
135 2238 212 2298 ίσον
236 2235 324 2316 ἐχειν
346 2239 404 2314 τής
426 2233 593 2308 πολιτείας
616 2229 715 2317 μέρος
737 2227 808 2297 κατ’
831 2231 939 2315 ἄνδρα
963 2231 1079 2312 διερω-

58 2339 201 2424 τώμενοι
233 2340 292 2415 τὰς
324 2339 459 2422 γνώμας
490 2337 527 2403 ἐν
559 2348 629 2414 τοῖς
663 2339 762 2413 ίόίοις
793 2336 926 2402 ἕκαστοι
953 2337 1075 2418 λόχοις,
1091 2355 1118 2394 ιο

59 2444 270 2529 ἐξηπατῶντο
300 2441 336 2509 δέ
365 2451 411 2531 τῷ
436 2445 516 2528 μίαν
539 2437 625 2509 εἶναι
648 2453 766 2528 ψήφου
789 2443 870 2507 ὅλου
893 2450 954 2506 τοῦ
977 2443 1079 2526 λόχου

59 2560 119 2616 τοῦ
141 2550 174 2615 τ’
201 2551 337 2635 ὀλίγους
359 2553 494 2635 ἔχοντος
517 2550 554 2615 ἐν
573 2550 662 2638 αὑτῶ
682 2546 891 2627 πολίταςκαὶ
909 2556 971 2613 τοῦ
989 2548 1079 2614 πάνυ

60 2659 217 2735 πολλούς·
255 2655 310 2722 καί
337 2664 383 2745 τῶ
412 2657 564 2743 πρώτους
592 2654 764 2744 ἐπιφέρειν
791 2664 908 2740 ψήφου
935 2656 1013 2732 τοὺς
1040 2657 1077 2720 τὸ

60 2763 219 2849 μέγιστον
246 2766 382 2848 ἔχοντας
409 2765 532 2848 τίμημα
559 2764 694 2847 λόχους,
727 2764 862 2838 πλείους
889 2757 951 2845 μὲν
979 2762 1079 2838 όντας

58 2881 125 2936 τῶν
148 2867 441 2954 ὑπολειπομένων,
462 2868 629 2936 Ιἐλάττονα
654 2863 687 2935 δ’
713 2869 862 2956 ἀριθμόν
885 2867 1077 2953 ἀνθρώπων
1092 2885 1118 2926 25

60 2979 211 3061 ἔχοντας·
249 2975 389 3060 μάλιστα
422 2971 459 3041 δέ
490 2983 536 3066 τῷ
567 2978 647 3052 τοὺς
679 2974 826 3060 ἀπόρους
853 2978 934 3058 μίαν
960 2983 1078 3059 ψήφου

59 3085 148 3167 ἔχειν
171 3083 318 3159 πολλοὺς
341 3083 439 3160 ὄντας
461 3080 517 3147 καὶ
539 3083 748 3158 τελευταίους
766 3086 950 3147 καλεῖσθαι.
983 3081 1113 3166 γενο-2

130 3274 233 3337 1τοίις
252 3274 348 3329 om.B
416 3281 450 3330 10
469 3274 582 3343 αὐτήΒ
649 3279 679 3326 11
700 3273 844 3328 ἀδυνάτου
863 3272 886 3325 O
906 3288 975 3325 corr.
994 3270 1076 3321 Hert-

58 3346 114 3400 lein
133 3345 258 3400 Hermes
277 3343 304 3396 X
321 3349 371 3397 412
445 3351 478 3400 14
497 3347 653 3415 παρεῖλκον
673 3362 695 3397 ο.
715 3343 805 3398 Cobet
823 3343 889 3397 Obs.
907 3359 935 3408 p.
953 3345 986 3392 80
1041 3344 1075 3389 21

55 3418 85 3472 τὸ
104 3419 176 3487 μίαν
196 3415 223 3468 Α
299 3419 332 3467 ‘22
351 3416 465 3490 αότῷΒ
538 3422 572 3472 25
592 3413 863 3485 ἀπολειπομένωνΒ
