<?xml version="1.0" encoding="UTF-8"?>
<!DOCTYPE html PUBLIC "-//W3C//DTD XHTML 1.0 Transitional//EN"
    "http://www.w3.org/TR/xhtml1/DTD/xhtml1-transitional.dtd">
<html xmlns="http://www.w3.org/1999/xhtml" xml:lang="en" lang="en">
 <head>
  <title>
</title>
<meta http-equiv="Content-Type" content="text/html;charset=utf-8" />
  <meta name='ocr-system' content='tesseract 3.04.00' />
  <meta name='ocr-capabilities' content='ocr_page ocr_carea ocr_par ocr_line ocrx_word'/>
</head>
<body>
  <div class='ocr_page' id='page_1' title='image "./dionysihalicarn02diongoog_0052.png"; bbox 0 0 2400 3848; ppageno 0'>
   <div class='ocr_carea' id='block_1_1' title="bbox 521 141 1114 207">
    <p class='ocr_par' dir='ltr' id='par_1_1' title="bbox 521 141 1114 207">
     <span class='ocr_line' id='line_1_1' title="bbox 521 141 1114 207; baseline 0.002 -1"><span class='ocrx_word' id='word_1_1' title='bbox 521 145 686 195; x_wconf 69' lang='grc' dir='ltr'><strong><em>-Δ-</em></strong></span> <span class='ocrx_word' id='word_1_2' title='bbox 1069 141 1114 207; x_wconf 84' lang='lat'><strong><em>43</em></strong></span> 
     </span>
    </p>
   </div>
   <div class='ocr_carea' id='block_1_2' title="bbox 41 303 1156 2844">
    <p class='ocr_par' dir='ltr' id='par_1_2' title="bbox 41 303 1156 2844">
     <span class='ocr_line' id='line_1_2' title="bbox 98 303 1110 391; baseline 0.004 -25"><span class='ocrx_word' id='word_1_3' title='bbox 98 324 162 367; x_wconf 90' lang='grc' dir='ltr'><strong><em>των</em></strong></span> <span class='ocrx_word' id='word_1_4' title='bbox 188 303 394 388; x_wconf 78' lang='grc' dir='ltr'><strong><em>πριαμένους</em></strong></span> <span class='ocrx_word' id='word_1_5' title='bbox 417 304 588 391; x_wconf 90' lang='grc' dir='ltr'><strong><em>ἀμφότερα</em></strong></span> <span class='ocrx_word' id='word_1_6' title='bbox 610 314 713 371; x_wconf 87' lang='grc' dir='ltr'><strong><em>ταῦτα</em></strong></span> <span class='ocrx_word' id='word_1_7' title='bbox 736 306 825 390; x_wconf 83' lang='grc' dir='ltr'><strong><em>παρὰ</em></strong></span> <span class='ocrx_word' id='word_1_8' title='bbox 847 317 914 370; x_wconf 87' lang='grc' dir='ltr'><strong><em>τῶν</em></strong></span> <span class='ocrx_word' id='word_1_9' title='bbox 938 304 1110 370; x_wconf 77' lang='grc' dir='ltr'><strong><em>δεσποτῶν</em></strong></span> 
     </span>
     <span class='ocr_line' id='line_1_3' title="bbox 97 407 1149 498; baseline 0.01 -25"><span class='ocrx_word' id='word_1_10' title='bbox 97 408 240 495; x_wconf 77' lang='grc' dir='ltr'><strong><em>ὑπάρξει.</em></strong></span> <span class='ocrx_word' id='word_1_11' title='bbox 278 410 464 496; x_wconf 76' lang='grc' dir='ltr'><strong><em>ἐτύγχανον</em></strong></span> <span class='ocrx_word' id='word_1_12' title='bbox 488 408 525 477; x_wconf 79' lang='grc' dir='ltr'><strong><em>δέ</em></strong></span> <span class='ocrx_word' id='word_1_13' title='bbox 545 420 603 496; x_wconf 78' lang='grc' dir='ltr'><strong><em>τῆς</em></strong></span> <span class='ocrx_word' id='word_1_14' title='bbox 621 409 816 498; x_wconf 78' lang='grc' dir='ltr'><strong><em>ἐλευθερίας</em></strong></span> <span class='ocrx_word' id='word_1_15' title='bbox 834 411 870 477; x_wconf 88' lang='grc' dir='ltr'><strong><em>οί</em></strong></span> <span class='ocrx_word' id='word_1_16' title='bbox 885 407 946 496; x_wconf 69' lang='grc' dir='ltr'><strong><em>μὲν</em></strong></span> <span class='ocrx_word' id='word_1_17' title='bbox 964 415 1149 483; x_wconf 83' lang='grc' dir='ltr'><strong><em>πλείστοι4</em></strong></span> 
     </span>
     <span class='ocr_line' id='line_1_4' title="bbox 97 516 1113 604; baseline 0.003 -24"><span class='ocrx_word' id='word_1_18' title='bbox 97 526 216 600; x_wconf 81' lang='grc' dir='ltr'><strong><em>προῖκα</em></strong></span> <span class='ocrx_word' id='word_1_19' title='bbox 249 516 305 582; x_wconf 88' lang='grc' dir='ltr'><strong><em>διά</em></strong></span> <span class='ocrx_word' id='word_1_20' title='bbox 334 517 597 601; x_wconf 90' lang='grc' dir='ltr'><strong><em>καλοκάγαθίαν·</em></strong></span> <span class='ocrx_word' id='word_1_21' title='bbox 634 517 690 584; x_wconf 83' lang='grc' dir='ltr'><strong><em>καὶ</em></strong></span> <span class='ocrx_word' id='word_1_22' title='bbox 719 519 892 604; x_wconf 88' lang='grc' dir='ltr'><strong><em>κράτιστος</em></strong></span> <span class='ocrx_word' id='word_1_23' title='bbox 923 518 1113 603; x_wconf 80' lang='grc' dir='ltr'><strong><em>ἀπαλλαγῆς</em></strong></span> 
     </span>
     <span class='ocr_line' id='line_1_5' title="bbox 77 611 1113 710; baseline 0.004 -23"><span class='ocrx_word' id='word_1_24' title='bbox 77 611 269 688; x_wconf 45' lang='grc' dir='ltr'><strong><em>’δεσποτῶν</em></strong></span> <span class='ocrx_word' id='word_1_25' title='bbox 300 625 424 710; x_wconf 80' lang='grc' dir='ltr'><strong><em>τρόπος</em></strong></span> <span class='ocrx_word' id='word_1_26' title='bbox 455 620 554 703; x_wconf 86' lang='grc' dir='ltr'><strong><em>οὗτος</em></strong></span> <span class='ocrx_word' id='word_1_27' title='bbox 585 620 641 709; x_wconf 78' lang='grc' dir='ltr'><strong><em>ίγν·</em></strong></span> <span class='ocrx_word' id='word_1_28' title='bbox 683 625 791 708; x_wconf 89' lang='grc' dir='ltr'><strong><em>ὀλίγοι</em></strong></span> <span class='ocrx_word' id='word_1_29' title='bbox 825 622 865 690; x_wconf 89' lang='grc' dir='ltr'><strong><em>δέ</em></strong></span> <span class='ocrx_word' id='word_1_30' title='bbox 894 649 982 703; x_wconf 88' lang='grc' dir='ltr'><strong><em>τινες</em></strong></span> <span class='ocrx_word' id='word_1_31' title='bbox 1009 627 1113 710; x_wconf 84' lang='grc' dir='ltr'><strong><em>λύτρα</em></strong></span> 
     </span>
     <span class='ocr_line' id='line_1_6' title="bbox 96 728 1145 817; baseline 0.006 -23"><span class='ocrx_word' id='word_1_32' title='bbox 96 728 329 808; x_wconf 75' lang='grc' dir='ltr'><strong><em>κατατιθέντες</em></strong></span> <span class='ocrx_word' id='word_1_33' title='bbox 356 730 389 810; x_wconf 82' lang='grc' dir='ltr'><strong><em>ἐξ</em></strong></span> <span class='ocrx_word' id='word_1_34' title='bbox 421 731 525 797; x_wconf 86' lang='grc' dir='ltr'><strong><em>ὁσίων</em></strong></span> <span class='ocrx_word' id='word_1_35' title='bbox 556 730 612 797; x_wconf 79' lang='grc' dir='ltr'><strong><em>καὶ</em></strong></span> <span class='ocrx_word' id='word_1_36' title='bbox 644 732 783 798; x_wconf 90' lang='grc' dir='ltr'><strong><em>δικαίων</em></strong></span> <span class='ocrx_word' id='word_1_37' title='bbox 814 731 980 817; x_wconf 76' lang='grc' dir='ltr'><strong><em>ἐργασιῶν</em></strong></span> <span class='ocrx_word' id='word_1_38' title='bbox 1012 749 1145 801; x_wconf 82' lang='grc' dir='ltr'><strong><em>σανα-ε</em></strong></span> 
     </span>
     <span class='ocr_line' id='line_1_7' title="bbox 95 829 1112 924; baseline 0.004 -24"><span class='ocrx_word' id='word_1_39' title='bbox 95 834 228 921; x_wconf 86' lang='grc' dir='ltr'><strong><em>χθέντα.</em></strong></span> <span class='ocrx_word' id='word_1_40' title='bbox 276 831 348 902; x_wconf 86' lang='grc' dir='ltr'><strong><em>ἀλλ’</em></strong></span> <span class='ocrx_word' id='word_1_41' title='bbox 375 837 436 903; x_wconf 87' lang='grc' dir='ltr'><strong><em>οὐκ</em></strong></span> <span class='ocrx_word' id='word_1_42' title='bbox 468 837 506 903; x_wconf 90' lang='grc' dir='ltr'><strong><em>ἐν</em></strong></span> <span class='ocrx_word' id='word_1_43' title='bbox 536 848 607 915; x_wconf 82' lang='grc' dir='ltr'><strong><em>τοϊς</em></strong></span> <span class='ocrx_word' id='word_1_44' title='bbox 638 835 716 904; x_wconf 89' lang='grc' dir='ltr'><strong><em>καθ’</em></strong></span> <span class='ocrx_word' id='word_1_45' title='bbox 743 829 828 924; x_wconf 81' lang='grc' dir='ltr'><strong><em>ἡμᾶς</em></strong></span> <span class='ocrx_word' id='word_1_46' title='bbox 860 841 994 923; x_wconf 84' lang='grc' dir='ltr'><strong><em>χρόνοις</em></strong></span> <span class='ocrx_word' id='word_1_47' title='bbox 1024 839 1112 904; x_wconf 79' lang='grc' dir='ltr'><strong><em>οὕτω</em></strong></span> 
     </span>
     <span class='ocr_line' id='line_1_8' title="bbox 95 938 1112 1030; baseline 0.001 -22"><span class='ocrx_word' id='word_1_48' title='bbox 95 938 186 1008; x_wconf 83' lang='grc' dir='ltr'><strong><em>ταῦτ’</em></strong></span> <span class='ocrx_word' id='word_1_49' title='bbox 208 945 286 1027; x_wconf 83' lang='grc' dir='ltr'><strong><em>ἔχει,</em></strong></span> <span class='ocrx_word' id='word_1_50' title='bbox 311 941 381 1009; x_wconf 89' lang='grc' dir='ltr'><strong><em>ἀλλ’</em></strong></span> <span class='ocrx_word' id='word_1_51' title='bbox 405 945 451 1021; x_wconf 88' lang='grc' dir='ltr'><strong><em>είς</em></strong></span> <span class='ocrx_word' id='word_1_52' title='bbox 473 945 640 1028; x_wconf 83' lang='grc' dir='ltr'><strong><em>τοσαύτην</em></strong></span> <span class='ocrx_word' id='word_1_53' title='bbox 664 946 827 1030; x_wconf 88' lang='grc' dir='ltr'><strong><em>σύγχυσιν</em></strong></span> <span class='ocrx_word' id='word_1_54' title='bbox 850 947 922 1029; x_wconf 78' lang='grc' dir='ltr'><strong><em>ἥκει</em></strong></span> <span class='ocrx_word' id='word_1_55' title='bbox 944 947 985 1010; x_wconf 87' lang='grc' dir='ltr'><strong><em>τά</em></strong></span> <span class='ocrx_word' id='word_1_56' title='bbox 1007 944 1112 1030; x_wconf 82' lang='grc' dir='ltr'><strong><em>πρόγ-</em></strong></span> 
     </span>
     <span class='ocr_line' id='line_1_9' title="bbox 94 1049 1112 1136; baseline 0.001 -22"><span class='ocrx_word' id='word_1_57' title='bbox 94 1075 179 1134; x_wconf 87' lang='grc' dir='ltr'><strong><em>ματα</em></strong></span> <span class='ocrx_word' id='word_1_58' title='bbox 207 1049 264 1115; x_wconf 80' lang='grc' dir='ltr'><strong><em>καί</em></strong></span> <span class='ocrx_word' id='word_1_59' title='bbox 291 1051 331 1116; x_wconf 87' lang='grc' dir='ltr'><strong><em>τά</em></strong></span> <span class='ocrx_word' id='word_1_60' title='bbox 357 1053 441 1116; x_wconf 83' lang='grc' dir='ltr'><strong><em>καλὰ</em></strong></span> <span class='ocrx_word' id='word_1_61' title='bbox 467 1060 526 1135; x_wconf 80' lang='grc' dir='ltr'><strong><em>τῆς</em></strong></span> <span class='ocrx_word' id='word_1_62' title='bbox 543 1049 712 1136; x_wconf 88' lang='grc' dir='ltr'><strong><em>Ῥωμαίων</em></strong></span> <span class='ocrx_word' id='word_1_63' title='bbox 735 1055 862 1130; x_wconf 90' lang='grc' dir='ltr'><strong><em>πόλεως</em></strong></span> <span class='ocrx_word' id='word_1_64' title='bbox 885 1052 991 1128; x_wconf 84' lang='grc' dir='ltr'><strong><em>οὕτως</em></strong></span> <span class='ocrx_word' id='word_1_65' title='bbox 1013 1052 1112 1135; x_wconf 84' lang='grc' dir='ltr'><strong><em>ἀτιμα</em></strong></span> 
     </span>
     <span class='ocr_line' id='line_1_10' title="bbox 93 1155 1112 1244; baseline 0.001 -23"><span class='ocrx_word' id='word_1_66' title='bbox 93 1155 148 1222; x_wconf 82' lang='grc' dir='ltr'><strong><em>καὶ</em></strong></span> <span class='ocrx_word' id='word_1_67' title='bbox 181 1157 315 1243; x_wconf 83' lang='grc' dir='ltr'><strong><em>ῥυπαρά</em></strong></span> <span class='ocrx_word' id='word_1_68' title='bbox 341 1155 495 1241; x_wconf 80' lang='grc' dir='ltr'><strong><em>γέγονεν,</em></strong></span> <span class='ocrx_word' id='word_1_69' title='bbox 528 1156 612 1223; x_wconf 82' lang='grc' dir='ltr'><strong><em>ὥσθ’</em></strong></span> <span class='ocrx_word' id='word_1_70' title='bbox 636 1160 672 1224; x_wconf 90' lang='grc' dir='ltr'><strong><em>οί</em></strong></span> <span class='ocrx_word' id='word_1_71' title='bbox 696 1157 757 1244; x_wconf 73' lang='grc' dir='ltr'><strong><em>μὲν</em></strong></span> <span class='ocrx_word' id='word_1_72' title='bbox 785 1159 849 1224; x_wconf 89' lang='grc' dir='ltr'><strong><em>ἀπὸ</em></strong></span> <span class='ocrx_word' id='word_1_73' title='bbox 877 1161 1030 1244; x_wconf 74' lang='grc' dir='ltr'><strong><em>λῃστείας</em></strong></span> <span class='ocrx_word' id='word_1_74' title='bbox 1056 1156 1112 1223; x_wconf 82' lang='grc' dir='ltr'><strong><em>καὶ</em></strong></span> 
     </span>
     <span class='ocr_line' id='line_1_11' title="bbox 92 1263 1156 1351; baseline 0.004 -23"><span class='ocrx_word' id='word_1_75' title='bbox 92 1266 313 1350; x_wconf 83' lang='grc' dir='ltr'><strong><em>τοιχωρυχίας</em></strong></span> <span class='ocrx_word' id='word_1_76' title='bbox 339 1263 394 1330; x_wconf 77' lang='grc' dir='ltr'><strong><em>καὶ</em></strong></span> <span class='ocrx_word' id='word_1_77' title='bbox 420 1267 577 1351; x_wconf 82' lang='grc' dir='ltr'><strong><em>πορνείας</em></strong></span> <span class='ocrx_word' id='word_1_78' title='bbox 604 1263 659 1330; x_wconf 84' lang='grc' dir='ltr'><strong><em>καὶ</em></strong></span> <span class='ocrx_word' id='word_1_79' title='bbox 686 1267 809 1343; x_wconf 91' lang='grc' dir='ltr'><strong><em>παντὸς</em></strong></span> <span class='ocrx_word' id='word_1_80' title='bbox 831 1266 936 1331; x_wconf 86' lang='grc' dir='ltr'><strong><em>ἀλλον</em></strong></span> <span class='ocrx_word' id='word_1_81' title='bbox 958 1273 1110 1350; x_wconf 88' lang='grc' dir='ltr'><strong><em>πονηροῦ</em></strong></span> <span class='ocrx_word' id='word_1_82' title='bbox 1130 1295 1156 1334; x_wconf 90' lang='lat'><strong><em>10</em></strong></span> 
     </span>
     <span class='ocr_line' id='line_1_12' title="bbox 91 1370 1110 1458; baseline 0.002 -23"><span class='ocrx_word' id='word_1_83' title='bbox 91 1373 200 1457; x_wconf 89' lang='grc' dir='ltr'><strong><em>πόρου</em></strong></span> <span class='ocrx_word' id='word_1_84' title='bbox 220 1370 501 1457; x_wconf 78' lang='grc' dir='ltr'><strong><em>χρηματισάμενοι</em></strong></span> <span class='ocrx_word' id='word_1_85' title='bbox 518 1373 648 1438; x_wconf 90' lang='grc' dir='ltr'><strong><em>τούτων</em></strong></span> <span class='ocrx_word' id='word_1_86' title='bbox 668 1372 834 1439; x_wconf 82' lang='grc' dir='ltr'><strong><em>ὠνοῦνται</em></strong></span> <span class='ocrx_word' id='word_1_87' title='bbox 852 1384 919 1438; x_wconf 91' lang='grc' dir='ltr'><strong><em>τῶν</em></strong></span> <span class='ocrx_word' id='word_1_88' title='bbox 933 1373 1110 1458; x_wconf 79' lang='grc' dir='ltr'><strong><em>χρημάτων</em></strong></span> 
     </span>
     <span class='ocr_line' id='line_1_13' title="bbox 41 1475 1148 1565; baseline -0.002 -19"><span class='ocrx_word' id='word_1_89' title='bbox 41 1478 154 1561; x_wconf 80' lang='grc' dir='ltr'><strong><em>698την</em></strong></span> <span class='ocrx_word' id='word_1_90' title='bbox 183 1477 382 1562; x_wconf 79' lang='grc' dir='ltr'><strong><em>ἐλευθερίαν</em></strong></span> <span class='ocrx_word' id='word_1_91' title='bbox 408 1478 463 1544; x_wconf 82' lang='grc' dir='ltr'><strong><em>καὶ</em></strong></span> <span class='ocrx_word' id='word_1_92' title='bbox 490 1479 596 1556; x_wconf 83' lang='grc' dir='ltr'><strong><em>εὐθύς</em></strong></span> <span class='ocrx_word' id='word_1_93' title='bbox 623 1480 687 1545; x_wconf 87' lang='grc' dir='ltr'><strong><em>είσι</em></strong></span> <span class='ocrx_word' id='word_1_94' title='bbox 705 1475 873 1565; x_wconf 79' lang='grc' dir='ltr'><strong><em>Ῥωμαῖοι·</em></strong></span> <span class='ocrx_word' id='word_1_95' title='bbox 911 1481 945 1545; x_wconf 88' lang='grc' dir='ltr'><strong><em>οί</em></strong></span> <span class='ocrx_word' id='word_1_96' title='bbox 972 1477 1009 1544; x_wconf 76' lang='grc' dir='ltr'><strong><em>δέ</em></strong></span> <span class='ocrx_word' id='word_1_97' title='bbox 1033 1485 1148 1553; x_wconf 80' lang='grc' dir='ltr'><strong><em>συν-5</em></strong></span> 
     </span>
     <span class='ocr_line' id='line_1_14' title="bbox 93 1582 1111 1672; baseline 0 -22"><span class='ocrx_word' id='word_1_98' title='bbox 93 1587 224 1669; x_wconf 89' lang='grc' dir='ltr'><strong><em>ίστορες</em></strong></span> <span class='ocrx_word' id='word_1_99' title='bbox 253 1582 310 1649; x_wconf 84' lang='grc' dir='ltr'><strong><em>καὶ</em></strong></span> <span class='ocrx_word' id='word_1_100' title='bbox 337 1583 495 1671; x_wconf 79' lang='grc' dir='ltr'><strong><em>συνεργοὶ</em></strong></span> <span class='ocrx_word' id='word_1_101' title='bbox 522 1596 592 1663; x_wconf 84' lang='grc' dir='ltr'><strong><em>τοῖς</em></strong></span> <span class='ocrx_word' id='word_1_102' title='bbox 620 1586 796 1663; x_wconf 80' lang='grc' dir='ltr'><strong><em>δεσπόταις</em></strong></span> <span class='ocrx_word' id='word_1_103' title='bbox 822 1590 996 1672; x_wconf 89' lang='grc' dir='ltr'><strong><em>γενόμενοι</em></strong></span> <span class='ocrx_word' id='word_1_104' title='bbox 1025 1609 1111 1670; x_wconf 93' lang='grc' dir='ltr'><strong><em>φαρ-</em></strong></span> 
     </span>
     <span class='ocr_line' id='line_1_15' title="bbox 91 1690 1109 1777; baseline -0.001 -21"><span class='ocrx_word' id='word_1_105' title='bbox 91 1701 241 1775; x_wconf 89' lang='grc' dir='ltr'><strong><em>μακειῶν</em></strong></span> <span class='ocrx_word' id='word_1_106' title='bbox 272 1690 328 1756; x_wconf 79' lang='grc' dir='ltr'><strong><em>καὶ</em></strong></span> <span class='ocrx_word' id='word_1_107' title='bbox 360 1691 596 1777; x_wconf 77' lang='grc' dir='ltr'><strong><em>ἀνδροφονιῶν</em></strong></span> <span class='ocrx_word' id='word_1_108' title='bbox 628 1691 683 1757; x_wconf 79' lang='grc' dir='ltr'><strong><em>καὶ</em></strong></span> <span class='ocrx_word' id='word_1_109' title='bbox 714 1703 782 1757; x_wconf 88' lang='grc' dir='ltr'><strong><em>τῶν</em></strong></span> <span class='ocrx_word' id='word_1_110' title='bbox 815 1693 861 1768; x_wconf 92' lang='grc' dir='ltr'><strong><em>είς</em></strong></span> <span class='ocrx_word' id='word_1_111' title='bbox 892 1694 996 1769; x_wconf 86' lang='grc' dir='ltr'><strong><em>θεοὺς</em></strong></span> <span class='ocrx_word' id='word_1_112' title='bbox 1023 1691 1043 1774; x_wconf 76' lang='grc' dir='ltr'><em>ἢ</em></span> <span class='ocrx_word' id='word_1_113' title='bbox 1071 1692 1109 1755; x_wconf 88' lang='grc' dir='ltr'><strong><em>τὸ</em></strong></span> 
     </span>
     <span class='ocr_line' id='line_1_16' title="bbox 91 1795 1148 1886; baseline 0.004 -24"><span class='ocrx_word' id='word_1_114' title='bbox 91 1799 210 1863; x_wconf 88' lang='grc' dir='ltr'><strong><em>κοινὸν</em></strong></span> <span class='ocrx_word' id='word_1_115' title='bbox 242 1797 455 1882; x_wconf 78' lang='grc' dir='ltr'><strong><em>ἀδικημάτων</em></strong></span> <span class='ocrx_word' id='word_1_116' title='bbox 481 1800 602 1876; x_wconf 86' lang='grc' dir='ltr'><strong><em>ταύτας</em></strong></span> <span class='ocrx_word' id='word_1_117' title='bbox 629 1798 789 1886; x_wconf 86' lang='grc' dir='ltr'><strong><em>φέρονται</em></strong></span> <span class='ocrx_word' id='word_1_118' title='bbox 816 1795 892 1883; x_wconf 89' lang='grc' dir='ltr'><strong><em>παρ’</em></strong></span> <span class='ocrx_word' id='word_1_119' title='bbox 921 1797 1031 1863; x_wconf 87' lang='grc' dir='ltr'><strong><em>αὐτῶν</em></strong></span> <span class='ocrx_word' id='word_1_120' title='bbox 1054 1799 1148 1874; x_wconf 82' lang='grc' dir='ltr'><strong><em>τάςιι</em></strong></span> 
     </span>
     <span class='ocr_line' id='line_1_17' title="bbox 91 1899 1112 1992; baseline 0.003 -25"><span class='ocrx_word' id='word_1_121' title='bbox 91 1905 241 1989; x_wconf 82' lang='grc' dir='ltr'><strong><em>χάριτας·</em></strong></span> <span class='ocrx_word' id='word_1_122' title='bbox 276 1904 312 1968; x_wconf 88' lang='grc' dir='ltr'><strong><em>οί</em></strong></span> <span class='ocrx_word' id='word_1_123' title='bbox 332 1899 363 1968; x_wconf 89' lang='grc' dir='ltr'><strong><em>δ’</em></strong></span> <span class='ocrx_word' id='word_1_124' title='bbox 385 1905 441 1969; x_wconf 77' lang='grc' dir='ltr'><strong><em>ἵνα</em></strong></span> <span class='ocrx_word' id='word_1_125' title='bbox 464 1905 523 1970; x_wconf 88' lang='grc' dir='ltr'><strong><em>τὸν</em></strong></span> <span class='ocrx_word' id='word_1_126' title='bbox 547 1907 691 1992; x_wconf 78' lang='grc' dir='ltr'><strong><em>δημοσίᾳ</em></strong></span> <span class='ocrx_word' id='word_1_127' title='bbox 715 1906 895 1989; x_wconf 91' lang='grc' dir='ltr'><strong><em>διδόμενον</em></strong></span> <span class='ocrx_word' id='word_1_128' title='bbox 918 1916 1012 1970; x_wconf 83' lang='grc' dir='ltr'><strong><em>σῖτον</em></strong></span> <span class='ocrx_word' id='word_1_129' title='bbox 1031 1910 1112 1990; x_wconf 91' lang='grc' dir='ltr'><strong><em>λαμ-</em></strong></span> 
     </span>
     <span class='ocr_line' id='line_1_18' title="bbox 92 2009 1112 2096; baseline 0.003 -21"><span class='ocrx_word' id='word_1_130' title='bbox 92 2012 255 2094; x_wconf 84' lang='grc' dir='ltr'><strong><em>βάνοντες</em></strong></span> <span class='ocrx_word' id='word_1_131' title='bbox 281 2011 364 2075; x_wconf 80' lang='grc' dir='ltr'><strong><em>κατὰ</em></strong></span> <span class='ocrx_word' id='word_1_132' title='bbox 391 2020 479 2095; x_wconf 77' lang='grc' dir='ltr'><strong><em>μῆνα</em></strong></span> <span class='ocrx_word' id='word_1_133' title='bbox 502 2009 558 2076; x_wconf 84' lang='grc' dir='ltr'><strong><em>καὶ</em></strong></span> <span class='ocrx_word' id='word_1_134' title='bbox 581 2018 614 2076; x_wconf 88' lang='grc' dir='ltr'><strong><em>εί</em></strong></span> <span class='ocrx_word' id='word_1_135' title='bbox 632 2035 682 2089; x_wconf 92' lang='grc' dir='ltr'><strong><em>τις</em></strong></span> <span class='ocrx_word' id='word_1_136' title='bbox 704 2013 786 2096; x_wconf 86' lang='grc' dir='ltr'><strong><em>ἀλλη</em></strong></span> <span class='ocrx_word' id='word_1_137' title='bbox 810 2013 899 2096; x_wconf 84' lang='grc' dir='ltr'><strong><em>παρὰ</em></strong></span> <span class='ocrx_word' id='word_1_138' title='bbox 921 2023 989 2077; x_wconf 90' lang='grc' dir='ltr'><strong><em>τῶν</em></strong></span> <span class='ocrx_word' id='word_1_139' title='bbox 1011 2011 1112 2095; x_wconf 81' lang='grc' dir='ltr'><strong><em>ἡγου-</em></strong></span> 
     </span>
     <span class='ocr_line' id='line_1_19' title="bbox 92 2116 1111 2204; baseline 0.002 -23"><span class='ocrx_word' id='word_1_140' title='bbox 92 2116 205 2200; x_wconf 85' lang='grc' dir='ltr'><strong><em>μένων</em></strong></span> <span class='ocrx_word' id='word_1_141' title='bbox 224 2118 373 2200; x_wconf 88' lang='grc' dir='ltr'><strong><em>γίγνοιτο</em></strong></span> <span class='ocrx_word' id='word_1_142' title='bbox 392 2129 462 2195; x_wconf 78' lang='grc' dir='ltr'><strong><em>τοῖς</em></strong></span> <span class='ocrx_word' id='word_1_143' title='bbox 479 2118 617 2204; x_wconf 83' lang='grc' dir='ltr'><strong><em>ἀπόροις</em></strong></span> <span class='ocrx_word' id='word_1_144' title='bbox 630 2128 697 2183; x_wconf 91' lang='grc' dir='ltr'><strong><em>τῶν</em></strong></span> <span class='ocrx_word' id='word_1_145' title='bbox 711 2124 857 2184; x_wconf 88' lang='grc' dir='ltr'><strong><em>πολιτῶν</em></strong></span> <span class='ocrx_word' id='word_1_146' title='bbox 871 2121 1111 2204; x_wconf 83' lang='grc' dir='ltr'><strong><em>φιλανθρωπία</em></strong></span> 
     </span>
     <span class='ocr_line' id='line_1_20' title="bbox 92 2219 1111 2310; baseline 0 -22"><span class='ocrx_word' id='word_1_147' title='bbox 92 2221 224 2309; x_wconf 82' lang='grc' dir='ltr'><strong><em>φέρωσι</em></strong></span> <span class='ocrx_word' id='word_1_148' title='bbox 260 2233 330 2300; x_wconf 81' lang='grc' dir='ltr'><strong><em>τοῖς</em></strong></span> <span class='ocrx_word' id='word_1_149' title='bbox 367 2223 530 2290; x_wconf 85' lang='grc' dir='ltr'><strong><em>δεδωκόσι</em></strong></span> <span class='ocrx_word' id='word_1_150' title='bbox 566 2225 628 2308; x_wconf 81' lang='grc' dir='ltr'><strong><em>την</em></strong></span> <span class='ocrx_word' id='word_1_151' title='bbox 660 2224 872 2310; x_wconf 82' lang='grc' dir='ltr'><strong><em>ἐλευθερίαν·</em></strong></span> <span class='ocrx_word' id='word_1_152' title='bbox 919 2224 955 2289; x_wconf 90' lang='grc' dir='ltr'><strong><em>οί</em></strong></span> <span class='ocrx_word' id='word_1_153' title='bbox 984 2219 1022 2288; x_wconf 78' lang='grc' dir='ltr'><strong><em>δὲ</em></strong></span> <span class='ocrx_word' id='word_1_154' title='bbox 1054 2224 1111 2288; x_wconf 89' lang='grc' dir='ltr'><strong><em>διά</em></strong></span> 
     </span>
     <span class='ocr_line' id='line_1_21' title="bbox 92 2303 1156 2431; baseline 0 -37"><span class='ocrx_word' id='word_1_155' title='bbox 92 2331 286 2414; x_wconf 90' lang='grc' dir='ltr'><strong><em>κουφότητα</em></strong></span> <span class='ocrx_word' id='word_1_156' title='bbox 304 2339 371 2394; x_wconf 91' lang='grc' dir='ltr'><strong><em>τῶν</em></strong></span> <span class='ocrx_word' id='word_1_157' title='bbox 390 2331 561 2396; x_wconf 81' lang='grc' dir='ltr'><strong><em>δεσποτῶν</em></strong></span> <span class='ocrx_word' id='word_1_158' title='bbox 580 2329 635 2396; x_wconf 79' lang='grc' dir='ltr'><strong><em>καὶ</em></strong></span> <span class='ocrx_word' id='word_1_159' title='bbox 653 2333 755 2416; x_wconf 80' lang='grc' dir='ltr'><strong><em>κενὴν</em></strong></span> <span class='ocrx_word' id='word_1_160' title='bbox 770 2331 979 2409; x_wconf 83' lang='grc' dir='ltr'><strong><em>δοξοκοπίαν.</em></strong></span> <span class='ocrx_word' id='word_1_161' title='bbox 1009 2327 1106 2413; x_wconf 80' lang='grc' dir='ltr'><strong><em>ἔγωγ’</em></strong></span> <span class='ocrx_word' id='word_1_162' title='bbox 1125 2303 1156 2431; x_wconf 53' lang='lat'><strong><em>{⁰</em></strong></span> 
     </span>
     <span class='ocr_line' id='line_1_22' title="bbox 94 2431 1111 2522; baseline 0.001 -22"><span class='ocrx_word' id='word_1_163' title='bbox 94 2431 159 2500; x_wconf 85' lang='grc' dir='ltr'><strong><em>οὖν</em></strong></span> <span class='ocrx_word' id='word_1_164' title='bbox 190 2436 369 2521; x_wconf 89' lang='grc' dir='ltr'><strong><em>ἐπίσταμαί</em></strong></span> <span class='ocrx_word' id='word_1_165' title='bbox 392 2460 486 2514; x_wconf 88' lang='grc' dir='ltr'><strong><em>τινας</em></strong></span> <span class='ocrx_word' id='word_1_166' title='bbox 513 2438 615 2503; x_wconf 88' lang='grc' dir='ltr'><strong><em>ἀπασι</em></strong></span> <span class='ocrx_word' id='word_1_167' title='bbox 642 2447 712 2516; x_wconf 80' lang='grc' dir='ltr'><strong><em>τοῖς</em></strong></span> <span class='ocrx_word' id='word_1_168' title='bbox 740 2438 875 2514; x_wconf 93' lang='grc' dir='ltr'><strong><em>δούλοις</em></strong></span> <span class='ocrx_word' id='word_1_169' title='bbox 903 2452 1111 2522; x_wconf 76' lang='grc' dir='ltr'><strong><em>συγκεχωρη·</em></strong></span> 
     </span>
     <span class='ocr_line' id='line_1_23' title="bbox 93 2537 1111 2629; baseline 0.002 -21"><span class='ocrx_word' id='word_1_170' title='bbox 93 2546 192 2620; x_wconf 88' lang='grc' dir='ltr'><strong><em>κότας</em></strong></span> <span class='ocrx_word' id='word_1_171' title='bbox 215 2537 304 2608; x_wconf 81' lang='grc' dir='ltr'><strong><em>εἶναι</em></strong></span> <span class='ocrx_word' id='word_1_172' title='bbox 327 2541 518 2629; x_wconf 83' lang='grc' dir='ltr'><strong><em>ἐλευθέροις</em></strong></span> <span class='ocrx_word' id='word_1_173' title='bbox 540 2546 621 2629; x_wconf 83' lang='grc' dir='ltr'><strong><em>μετὰ</em></strong></span> <span class='ocrx_word' id='word_1_174' title='bbox 642 2546 701 2621; x_wconf 87' lang='grc' dir='ltr'><strong><em>τάς</em></strong></span> <span class='ocrx_word' id='word_1_175' title='bbox 721 2543 848 2610; x_wconf 82' lang='grc' dir='ltr'><strong><em>ἑαυτῶν</em></strong></span> <span class='ocrx_word' id='word_1_176' title='bbox 866 2544 1030 2628; x_wconf 81' lang='grc' dir='ltr'><strong><em>τελευτάς,</em></strong></span> <span class='ocrx_word' id='word_1_177' title='bbox 1054 2544 1111 2610; x_wconf 80' lang='grc' dir='ltr'><strong><em>ἵνα</em></strong></span> 
     </span>
     <span class='ocr_line' id='line_1_24' title="bbox 93 2648 1112 2737; baseline 0.002 -22"><span class='ocrx_word' id='word_1_178' title='bbox 93 2648 232 2735; x_wconf 80' lang='grc' dir='ltr'><strong><em>χρηστοὶ</em></strong></span> <span class='ocrx_word' id='word_1_179' title='bbox 260 2656 425 2716; x_wconf 89' lang='grc' dir='ltr'><strong><em>καλῶνται</em></strong></span> <span class='ocrx_word' id='word_1_180' title='bbox 450 2649 563 2737; x_wconf 77' lang='grc' dir='ltr'><strong><em>νεκροὶ</em></strong></span> <span class='ocrx_word' id='word_1_181' title='bbox 585 2649 641 2716; x_wconf 83' lang='grc' dir='ltr'><strong><em>καὶ</em></strong></span> <span class='ocrx_word' id='word_1_182' title='bbox 663 2649 782 2717; x_wconf 78' lang='grc' dir='ltr'><strong><em>πολλοὶ</em></strong></span> <span class='ocrx_word' id='word_1_183' title='bbox 805 2662 876 2729; x_wconf 80' lang='grc' dir='ltr'><strong><em>ταῖς</em></strong></span> <span class='ocrx_word' id='word_1_184' title='bbox 898 2654 1027 2729; x_wconf 92' lang='grc' dir='ltr'><strong><em>κλίναις</em></strong></span> <span class='ocrx_word' id='word_1_185' title='bbox 1052 2652 1112 2717; x_wconf 85' lang='grc' dir='ltr'><strong><em>αύ-</em></strong></span> 
     </span>
     <span class='ocr_line' id='line_1_25' title="bbox 94 2754 1111 2844; baseline 0.003 -23"><span class='ocrx_word' id='word_1_186' title='bbox 94 2768 162 2822; x_wconf 86' lang='grc' dir='ltr'><strong><em>τῶν</em></strong></span> <span class='ocrx_word' id='word_1_187' title='bbox 180 2754 447 2842; x_wconf 77' lang='grc' dir='ltr'><strong><em>ἐκκομιζομέναις</em></strong></span> <span class='ocrx_word' id='word_1_188' title='bbox 462 2763 744 2843; x_wconf 87' lang='grc' dir='ltr'><strong><em>παρακολουθῶσι</em></strong></span> <span class='ocrx_word' id='word_1_189' title='bbox 757 2761 836 2835; x_wconf 89' lang='grc' dir='ltr'><strong><em>τοὺς</em></strong></span> <span class='ocrx_word' id='word_1_190' title='bbox 848 2761 966 2835; x_wconf 89' lang='grc' dir='ltr'><strong><em>πίλους</em></strong></span> <span class='ocrx_word' id='word_1_191' title='bbox 980 2760 1111 2844; x_wconf 77' lang='grc' dir='ltr'><strong><em>ἔχοντες</em></strong></span> 
     </span>
    </p>
   </div>
   <div class='ocr_carea' id='block_1_3' title="bbox 94 2856 1154 2949">
    <p class='ocr_par' dir='ltr' id='par_1_3' title="bbox 94 2856 1154 2949">
     <span class='ocr_line' id='line_1_26' title="bbox 94 2856 1154 2949; baseline 0.001 -22"><span class='ocrx_word' id='word_1_192' title='bbox 94 2861 148 2928; x_wconf 78' lang='grc' dir='ltr'><strong><em>ἐπὶ</em></strong></span> <span class='ocrx_word' id='word_1_193' title='bbox 179 2875 252 2941; x_wconf 81' lang='grc' dir='ltr'><strong><em>ταῖς</em></strong></span> <span class='ocrx_word' id='word_1_194' title='bbox 283 2868 454 2948; x_wconf 76' lang='grc' dir='ltr'><strong><em>κεφαλαῖς·</em></strong></span> <span class='ocrx_word' id='word_1_195' title='bbox 492 2863 528 2929; x_wconf 92' lang='grc' dir='ltr'><strong><em>ἐν</em></strong></span> <span class='ocrx_word' id='word_1_196' title='bbox 562 2856 612 2941; x_wconf 83' lang='grc' dir='ltr'><strong><em>οἷς</em></strong></span> <span class='ocrx_word' id='word_1_197' title='bbox 644 2864 831 2947; x_wconf 87' lang='grc' dir='ltr'><strong><em>ἐπόμπευόν</em></strong></span> <span class='ocrx_word' id='word_1_198' title='bbox 859 2887 961 2948; x_wconf 88' lang='grc' dir='ltr'><strong><em>τινες,</em></strong></span> <span class='ocrx_word' id='word_1_199' title='bbox 995 2866 1040 2942; x_wconf 84' lang='grc' dir='ltr'><strong><em>ὡς</em></strong></span> <span class='ocrx_word' id='word_1_200' title='bbox 1066 2861 1109 2949; x_wconf 72' lang='grc' dir='ltr'><strong><em>ἦν</em></strong></span> <span class='ocrx_word' id='word_1_201' title='bbox 1128 2887 1154 2928; x_wconf 79' lang='grc' dir='ltr'><strong><em>ιε</em></strong></span> 
     </span>
    </p>
   </div>
   <div class='ocr_carea' id='block_1_4' title="bbox 93 3023 1111 3481">
    <p class='ocr_par' dir='ltr' id='par_1_4' title="bbox 93 3023 1110 3198">
     <span class='ocr_line' id='line_1_27' title="bbox 94 3023 1110 3127; baseline 0.003 -18"><span class='ocrx_word' id='word_1_202' title='bbox 94 3053 267 3126; x_wconf 83' lang='grc' dir='ltr'><strong><em>πριαμένους</em></strong></span> <span class='ocrx_word' id='word_1_203' title='bbox 285 3054 433 3126; x_wconf 84' lang='grc' dir='ltr'><strong><em>ἀμφότερα</em></strong></span> <span class='ocrx_word' id='word_1_204' title='bbox 443 3023 541 3112; x_wconf 24' lang='grc' dir='ltr'><strong><em>’ταῦτα</em></strong></span> <span class='ocrx_word' id='word_1_205' title='bbox 558 3055 637 3126; x_wconf 86' lang='grc' dir='ltr'><strong><em>παρά</em></strong></span> <span class='ocrx_word' id='word_1_206' title='bbox 655 3065 711 3112; x_wconf 86' lang='grc' dir='ltr'><strong><em>τῶν</em></strong></span> <span class='ocrx_word' id='word_1_207' title='bbox 730 3059 873 3112; x_wconf 84' lang='grc' dir='ltr'><strong><em>δεσποτῶν</em></strong></span> <span class='ocrx_word' id='word_1_208' title='bbox 887 3056 1007 3127; x_wconf 81' lang='grc' dir='ltr'><strong><em>ύπάρξει</em></strong></span> <span class='ocrx_word' id='word_1_209' title='bbox 1022 3053 1110 3120; x_wconf 77' lang='grc' dir='ltr'><strong><em>αὖθις</em></strong></span> 
     </span>
     <span class='ocr_line' id='line_1_28' title="bbox 93 3125 927 3198; baseline 0 -17"><span class='ocrx_word' id='word_1_210' title='bbox 93 3135 149 3181; x_wconf 86' lang='grc' dir='ltr'><strong><em>τῶν</em></strong></span> <span class='ocrx_word' id='word_1_211' title='bbox 166 3125 351 3198; x_wconf 82' lang='grc' dir='ltr'><strong><em>κτησαμένων</em></strong></span> <span class='ocrx_word' id='word_1_212' title='bbox 370 3128 472 3190; x_wconf 80' lang='grc' dir='ltr'><strong><em>αύτούς</em></strong></span> <span class='ocrx_word' id='word_1_213' title='bbox 491 3127 530 3192; x_wconf 84' lang='grc' dir='ltr'><strong><em>είς</em></strong></span> <span class='ocrx_word' id='word_1_214' title='bbox 550 3129 681 3183; x_wconf 89' lang='grc' dir='ltr'><strong><em>δουλείαν</em></strong></span> <span class='ocrx_word' id='word_1_215' title='bbox 701 3128 722 3184; x_wconf 93' lang='grc' dir='ltr'><strong>Ο</strong></span> <span class='ocrx_word' id='word_1_216' title='bbox 742 3131 856 3198; x_wconf 75' lang='lat' dir='ltr'>praeter</span> <span class='ocrx_word' id='word_1_217' title='bbox 874 3127 927 3182; x_wconf 89' lang='lat' dir='ltr'><strong><em>AB</em></strong></span> 
     </span>
    </p>

    <p class='ocr_par' dir='ltr' id='par_1_5' title="bbox 94 3195 1111 3481">
     <span class='ocr_line' id='line_1_29' title="bbox 167 3195 1107 3268; baseline -0.001 -17"><span class='ocrx_word' id='word_1_218' title='bbox 167 3197 280 3267; x_wconf 87' lang='grc' dir='ltr'><strong><em>1παρδι</em></strong></span> <span class='ocrx_word' id='word_1_219' title='bbox 298 3198 447 3253; x_wconf 87' lang='grc' dir='ltr'><strong><em>τούτωνΑ</em></strong></span> <span class='ocrx_word' id='word_1_220' title='bbox 502 3197 713 3268; x_wconf 67' lang='grc' dir='ltr'><strong><em>θόπάρξεινΑ</em></strong></span> <span class='ocrx_word' id='word_1_221' title='bbox 763 3197 906 3255; x_wconf 79' lang='grc' dir='ltr'><strong><em>8οθτωΒ</em></strong></span> <span class='ocrx_word' id='word_1_222' title='bbox 959 3204 991 3253; x_wconf 90' lang='grc'><strong><em>11</em></strong></span> <span class='ocrx_word' id='word_1_223' title='bbox 1006 3195 1107 3268; x_wconf 87' lang='grc' dir='ltr'><strong><em>πόρον]</em></strong></span> 
     </span>
     <span class='ocr_line' id='line_1_30' title="bbox 94 3267 1111 3395; baseline -0.002 -4"><span class='ocrx_word' id='word_1_224' title='bbox 94 3267 421 3394; x_wconf 62' lang='grc' dir='ltr'><strong><em>ε···κῶ·ῶα</em></strong></span> <span class='ocrx_word' id='word_1_225' title='bbox 478 3277 517 3395; x_wconf 59' lang='grc' dir='ltr'><strong><em>ιε</em></strong></span> <span class='ocrx_word' id='word_1_226' title='bbox 530 3268 560 3324; x_wconf 62' lang='lat'><strong><em>‘²‘</em></strong></span> <span class='ocrx_word' id='word_1_227' title='bbox 575 3267 922 3395; x_wconf 61' lang='grc' dir='ltr'><strong><em>λιιὲυλλλι·</em></strong></span> <span class='ocrx_word' id='word_1_228' title='bbox 947 3269 1111 3392; x_wconf 57' lang='grc' dir='ltr'><strong><em>κύκα</em></strong></span> 
     </span>
     <span class='ocr_line' id='line_1_31' title="bbox 95 3357 1074 3481; baseline -0.003 -17"><span class='ocrx_word' id='word_1_229' title='bbox 95 3361 266 3465; x_wconf 78' lang='grc' dir='ltr'><strong><em>κολονθοῦόί</em></strong></span> <span class='ocrx_word' id='word_1_230' title='bbox 284 3362 330 3481; x_wconf 59' lang='lat' dir='ltr'><strong><em>Ay!</em></strong></span> <span class='ocrx_word' id='word_1_231' title='bbox 346 3412 410 3474; x_wconf 77' lang='grc' dir='ltr'><strong><em>τοὺς</em></strong></span> <span class='ocrx_word' id='word_1_232' title='bbox 428 3361 620 3476; x_wconf 57' lang='grc' dir='ltr'><strong><em>πίλόυςχάἀλ)</em></strong></span> <span class='ocrx_word' id='word_1_233' title='bbox 657 3412 721 3475; x_wconf 77' lang='grc' dir='ltr'><strong><em>τοὺς</em></strong></span> <span class='ocrx_word' id='word_1_234' title='bbox 735 3382 854 3473; x_wconf 45' lang='grc' dir='ltr'><strong><em>’σπίλους</em></strong></span> <span class='ocrx_word' id='word_1_235' title='bbox 872 3409 918 3462; x_wconf 82' lang='grc' dir='ltr'><strong><em>Βα</em></strong></span> <span class='ocrx_word' id='word_1_236' title='bbox 1059 3357 1074 3406; x_wconf 73' lang='lat'><strong><em>(³</em></strong></span> 
     </span>
    </p>
   </div>
   <div class='ocr_carea' id='block_1_5' title="bbox 0 0 1207 3848">
    <p class='ocr_par' dir='ltr' id='par_1_6' title="bbox 0 0 1207 3848">
     <span class='ocr_line' id='line_1_32' title="bbox 0 0 1207 3848; baseline 0 0"><span class='ocrx_word' id='word_1_237' title='bbox 0 0 1207 3848; x_wconf 95' lang='lat' dir='ltr'><strong><em> </em></strong></span> 
     </span>
    </p>
   </div>
  </div>
 </body>
</html>
