2414 3840
93 173 159 237 280
518 173 681 226 -ς-

58 342 155 406 3νοῦ
183 333 463 419 καταλειφθέντος
490 342 549 418 τῆς
575 336 701 411 πόλεως
723 334 893 420 ἡγεμόνος.
940 338 987 416 ὡς
1010 337 1049 405 δέ
1072 349 1110 427 τῇ

93 444 233 507 κατόπιν
264 440 370 529 ἡμέρα
402 441 460 517 τὰς
494 441 583 525 παρὰ
616 449 677 505 τοῦ
710 442 903 528 δικτάτορος
935 443 1112 524 ἐπιστολὰς

94 550 216 631 ἔλαβον
235 547 271 611 οί
286 557 353 611 τῶν
370 557 495 612 κοινῶν
512 556 725 631 προεστῶτες,
748 546 806 612 καὶ
824 551 889 614 σὺν
907 561 978 628 τοῖς
996 552 1112 630 ἄλλοις

94 653 197 717 ἅπασι
227 662 299 729 τοϊς
330 651 367 718 ἐν
396 661 436 738 τῇ
465 653 551 737 μάχη
578 650 771 736 γενομένοις
797 652 854 720 καὶ
881 656 921 720 τὰ
948 655 1025 742 περὶ
1053 668 1111 742 τῆς

68 758 291 843 οέιτιφανείας
326 769 393 823 τῶν
429 760 599 843 δαιμόνων
631 761 776 844 ἔμαθον,
812 764 1011 846 νομίσαντες
1043 775 1111 830 τῶν

95 865 207 929 αὐτῶν
242 872 334 930 θεῶν
366 859 453 930 εἷναι
484 866 583 950 όίμφω
615 866 656 929 τὰ
687 866 843 951 φάσματα
857 931 860 938 ,
875 869 986 955 ὥσπερ
1022 873 1112 948 εἰκὸς

57 971 318 1058 4Διοσκούρων
341 971 547 1054 ἐπείσθησαν
569 967 656 1036 εἶναι
674 974 715 1037 τὰ
733 975 863 1039 εἴδωλα.
900 977 1023 1060 ταύτης
1042 975 1111 1042 ἐστὶ

95 1086 153 1162 τῆς
179 1076 372 1165 παραδόξου
399 1075 454 1144 καὶ
481 1085 677 1162 θαυμαστῆς
703 1090 771 1145 τῶν
794 1081 965 1165 δαιμόνων
989 1081 1112 1167 ἐπιφα-

94 1186 187 1260 νείας
215 1183 252 1249 ἐν
270 1180 377 1270 Ῥώμη
399 1185 506 1250 πολλὰ
528 1194 662 1268 σημεῖα,
690 1184 709 1249 ό
731 1208 766 1249 τε
789 1186 873 1263 νεὼς
895 1186 914 1252 δ
936 1197 1005 1253 τῶν
1028 1193 1112 1255 Διο-

59 1317 87 1357 10
97 1291 266 1376 σκούρων,
299 1289 340 1355 ὃν
371 1288 424 1356 ἐπὶ
453 1298 511 1373 τῆς
539 1289 662 1375 ἀγορᾶς
687 1292 927 1357 κατεσκεύασεν
953 1292 975 1376 ἡ
1003 1297 1111 1378 πόλις,

95 1399 180 1462 ἔνθα
204 1397 305 1480 ὤφθη
327 1396 368 1461 τὰ
387 1397 519 1478 εἴδωλα,
542 1393 598 1460 καὶ
615 1395 636 1479 ἡ
655 1395 732 1481 παρ’
756 1397 844 1485 αὐτῷ
864 1401 970 1483 κρήνη
989 1406 1113 1467 καλου·

94 1501 177 1587 μένη
205 1525 240 1568 ιε
270 1512 334 1567 τῶν
361 1509 454 1567 θεῶν
481 1503 610 1567 τούτων
636 1501 693 1567 καὶ
720 1503 793 1589 ίερὰ
815 1506 862 1581 είς
884 1508 961 1571 τόδε
984 1510 1113 1592 χρόνου

94 1607 310 1693 νομιζομένη,
342 1611 463 1674 θυσίαι
495 1631 530 1673 τε
561 1614 767 1692 πολυτελεῖς,
799 1608 838 1687 δς
864 1609 943 1677 καθ’
971 1611 1114 1680 ἕκαστον

95 1714 251 1781 ἐνιαυτὸν
278 1715 296 1780 ὁ
325 1717 429 1800 δῆμος
455 1714 598 1780 ἐπιτελεῖ
623 1716 679 1779 διὰ
705 1726 773 1781 τῶν
800 1719 965 1800 μεγίστων
994 1719 1113 1805 ἱερέων

59 1845 87 1886 ιι
97 1823 134 1888 ἐν
162 1819 243 1907 μηνὶ
265 1823 447 1908 Κυιντιλίῳ
471 1818 638 1908 λεγομένῳ
661 1831 732 1898 ταῖς
753 1823 974 1908 καλουμέναις
997 1828 1114 1912 εἰδοῖς,

96 1928 133 1993 ἐν
165 1920 186 2014 ᾖ
219 1928 448 2013 κατώρθωσαν
479 1924 586 2013 ἡμέρα
616 1929 716 1992 τόνδε
742 1929 812 2011 τὸν
828 1931 989 2014 πόλεμον·
1027 1931 1113 2020 ὑπὲρ

96 2036 225 2100 ἅπαντα
258 2032 295 2099 δὲ
327 2042 430 2099 ταῦτα
461 2032 482 2116 ἡ
511 2034 592 2118 μετὰ
622 2035 684 2118 τὴν
715 2036 842 2099 θυσίαν
874 2034 1112 2124 ἐπιτελουμένη

95 2142 209 2226 πομπὴ
237 2151 304 2206 τῶν
332 2140 478 2224 ἐχόντων
504 2141 564 2204 τὸν
593 2141 756 2224 δημόσιον
784 2141 900 2224 ίιιπον,
928 2143 1006 2227 <οἳ>
1029 2147 1157 2210 κατὰιοε

96 2246 206 2332 φυλάς
228 2269 263 2311 τε
285 2244 340 2311 καλ
364 2248 484 2330 λόχους
507 2245 747 2330 κεκοσμημένοι
770 2249 949 2332 στοιχηδὸν
972 2248 1025 2314 ἐπὶ
1045 2262 1113 2317 τῶν

61 2377 87 2417 νο
97 2355 207 2419 ἵππων
226 2353 404 2438 ὀχούμενοι
422 2353 622 2438 πορεύονται
635 2353 766 2436 πάντες,
785 2354 829 2430 ὡς
844 2353 879 2418 ἐκ
893 2355 1000 2439 μοίχης
1013 2356 1113 2440 ἥκον-

96 2485 149 2538 τες
173 2458 439 2544 ἐστεφανωμένοι
462 2462 602 2535 θαλλοῖς
623 2458 744 2541 ἐλαίας,
767 2457 1018 2546 καλπορφυρᾶς
1038 2487 1114 2547 φοι-

97 2566 350 2654 νικοπαρύφους
382 2565 603 2649 ἀμπεχόμενοι
632 2564 794 2649 τηβέννας
820 2566 879 2642 τὰς
904 2567 1113 2652 καλουμένας

96 2671 250 2758 τραβέας,
281 2670 458 2757 ἀρξόμενοι
488 2667 550 2756 μὲν
580 2665 639 2754 ἀφ’
673 2671 765 2755 ίεροῦ
796 2694 887 2748 τινος
905 2669 1024 2757 ’Ἀρεος
1051 2674 1112 2754 ἔξω

41 2838 44 2845 ,
96 2786 155 2861 τῆς
185 2780 312 2854 πόλεως
344 2774 543 2864 ίδρυμένου,
576 2774 753 2854 διεξιόντες
785 2773 823 2842 δὲ
854 2778 915 2860 την
942 2772 971 2841 τ’
1007 2779 1113 2864 ἄλλην

61 2906 88 2948 νε
98 2886 197 2951 πόλιν
219 2881 317 2968 <καὶ>
341 2886 397 2949 διὰ
419 2893 477 2967 τῆς
500 2882 622 2968 ἀγορᾶς
644 2884 733 2968 παρὰ
750 2883 788 2948 τὸ
807 2893 874 2947 τῶν
888 2888 1114 2971 Διοσκούρων

98 2991 190 3078 ίερδν
212 2993 471 3078 παρερχόμενοι,
493 2989 614 3075 ἄνδρες
637 2991 728 3055 ἔστιν
751 2989 804 3054 ὅτε
828 2986 884 3053 καὶ
906 2996 1114 3077 πεντακισχί-

169 3154 186 3201 4
204 3146 239 3202 τδι
259 3165 313 3203 om.
332 3147 355 3201 B
420 3153 444 3200 7.
465 3151 506 3199 11.
527 3146 629 3200 είδωλα
648 3145 703 3200 del.
722 3145 868 3200 Meutzner
885 3146 904 3200 l.
924 3146 943 3200 l.
963 3148 993 3200 et
1011 3146 1114 3217 ὤφθη-

97 3237 151 3276 σαν
169 3236 192 3275 ο.
212 3218 289 3274 idem
362 3223 394 3272 12
415 3213 477 3285 ίερδι
495 3216 545 3269 καὶ
564 3217 586 3270 Ο
605 3233 674 3270 corr.
693 3214 838 3285 Kiessling
906 3221 941 3269 14
960 3214 1113 3274 λπιιέωνΟ

98 3289 196 3360 ἱερέων
214 3288 359 3356 Kiessling
437 3291 471 3340 18
490 3285 518 3376 ολ
540 3285 604 3410 egid.
625 3285 1030 3414 8λοχχ11ριχιχῖ1ὲό<χ>ο2ιιῦςῗαὶ
1049 3295 1112 3414 agdi

97 3358 569 3505 ξύέλῗιῖηωύόόόρδιξκδιῗίιδιοόδθ
606 3427 655 3482 καὶ
674 3427 728 3483 del.
747 3428 848 3482 Portus
1108 3403 1115 3415 ο
