2414 3840
94 193 183 258 -92
565 194 728 244 -Δ-

137 349 193 421 καί
215 356 361 432 πολλοὺς
379 356 620 438 καταβαλόντες
638 352 742 430 ἀδεῶς
760 353 821 436 τὴν
839 351 952 437 χώραν
970 349 1201 437 έπόρθουνμῖῖ

137 461 296 537 πολλάκις
327 457 358 525 δ’
395 460 431 527 οί
447 454 604 544 Ῥωμαῖοι
630 460 710 536 τοὺς
732 460 878 542 Γαβίους
905 456 1074 541 ὠσάμενοι
1101 455 1160 522 καὶ

138 569 410 644 κατακλείσαντες
441 567 489 643 είς
520 567 583 650 τῆν
613 569 713 631 πόλιν
745 564 942 651 ἀνδράποδα
973 560 1029 629 καί
1062 566 1159 630 λείαν

139 674 250 738 αὐτῶν
272 673 401 756 πολλὴν
423 671 562 756 ἀπῆγον.

112 799 124 838 ⁵
205 779 308 845 LIIII.
332 784 491 864 Συνεχως
514 775 551 844 δέ
574 778 703 843 τούτων
722 776 911 862 γινομένων
929 776 1158 859 ἠναγκάζοντο

138 887 322 972 ἀμφότεροι
344 893 403 969 τῆς
420 886 529 970 χώρας
547 884 609 950 ὅσα
628 879 670 967 ῆν
689 883 816 971 ἐρυμνὰ
836 887 1030 968 τειχίζοντες
1049 906 1158 969 φρου-

138 994 202 1075 ράν
234 991 271 1057 ἐν
303 992 417 1069 αὐτοῖς
448 992 648 1057 καθιστάναι
676 998 870 1074 καταφυγῆς
900 1000 968 1055 τῶν
994 998 1158 1075 γεωργῶν

138 1097 249 1164 ἕνεκα
282 1098 365 1163 ὅθεν
388 1098 577 1183 ὁρμώμενοι
595 1097 636 1162 τά
653 1119 688 1162 τε
707 1098 879 1181 ληστῆρια,
902 1094 957 1162 καί
976 1102 1011 1161 εί
1025 1120 1058 1161 τι
1076 1095 1159 1161 ἀπο-

138 1201 292 1270 σπασθὲν
316 1205 423 1269 ίδοιεν
445 1201 545 1290 μέρος
568 1203 684 1288 ὀλίγον
707 1203 770 1268 άπὸ
790 1207 918 1268 πολλοῦ
937 1211 1083 1288 στρατοῦ
1102 1201 1160 1268 καὶ

99 1330 125 1369 10
140 1302 193 1375 οἷα
217 1311 304 1387 είκὸς
326 1309 364 1375 ἐν
385 1320 572 1395 προνομαῖς
590 1309 798 1375 ἀσύντακτον
816 1310 873 1374 διδ
890 1310 1158 1395 καταφρόνησιν,

137 1418 307 1493 κατιόντες
330 1415 452 1501 ἀθρόοι
476 1415 687 1502 διέφθειρον·
714 1413 770 1481 καὶ
791 1426 859 1481 τῶν
880 1417 1012 1480 πόλεων
1032 1414 1097 1481 ὅσα
1115 1410 1160 1498 ῆν

138 1521 279 1607 ἐπίμαχα
305 1519 361 1587 καί
389 1519 489 1608 ῥᾴδια
516 1527 690 1607 ληφθῆναι
720 1523 776 1588 διὰ
798 1522 967 1606 κλιμάκων
990 1519 1160 1599 ἐξοικοδο-

138 1639 213 1713 μεῖν
242 1651 278 1693 τε
304 1627 361 1693 καὶ
388 1628 635 1716 ἀποταφρεύειν
663 1630 850 1706 δεδοικότες
876 1629 934 1705 τὰς
962 1629 1161 1712 αἰφνιδίους

103 1735 292 1819 θάλλῆλων
315 1735 469 1819 ἐφόδους.
506 1740 633 1821 μᾶλλον
658 1732 688 1800 δ’
703 1735 729 1801 ’ὁ
753 1735 939 1821 Ταρκύνιος
961 1734 1037 1821 περὶ
1058 1729 1157 1801 ταῦτ’

99 1862 124 1903 15
139 1841 274 1927 ἐνεργὸς
295 1837 338 1924 ῆν
360 1840 416 1906 καί
439 1849 496 1926 τῆς
518 1846 645 1919 πόλεως
668 1844 708 1907 τά
730 1843 812 1927 πρὸς
834 1844 913 1918 τοὺς
931 1844 1080 1925 Γαβίους
1099 1839 1160 1926 φέ-

139 1970 242 2033 ροντα
266 1957 327 2012 τοῦ
349 1950 531 2034 περιβόλου
556 1950 612 2013 διά
634 1951 847 2034 πολυχειρίας
869 1947 1078 2035 ἐξωχυροῦτο
1103 1948 1160 2013 τά-

138 2079 228 2141 φρον
256 2052 459 2140 ὀρυξάμενος
487 2052 669 2140 εὐρυτέραν
696 2052 752 2119 καὶ
778 2065 886 2140 τεῖχος
913 2055 1043 2140 ἐγείρας
1070 2041 1201 2138 &dm-‘171

137 2164 277 2248 λότερον
299 2159 355 2225 καὶ
373 2161 514 2246 πύργοις
532 2161 703 2244 διαλαβὼν
720 2161 758 2226 τὸ
777 2163 901 2247 χωρίον
922 2159 1159 2248 πυκνοτέροις

136 2269 220 2334 κατά
255 2276 354 2333 τοῦτο
390 2268 455 2351 γάρ
493 2266 601 2332 ἐδόκει
632 2270 773 2351 μάλιστα
804 2268 842 2333 τὸ
874 2264 975 2353 μέρος
1005 2267 1027 2351 ἡ
1059 2270 1160 2345 πόλις

98 2394 125 2434 ιο
139 2374 312 2460 ἀνώχυρος
335 2369 437 2457 εἶναι,
460 2373 568 2438 πάντα
591 2373 651 2438 τὸν
674 2375 777 2439 άλλον
799 2377 979 2460 περίβολον
1002 2372 1160 2459 άσφαλῆς

102 2481 287 2557 3ἐπιεικῖις
315 2475 399 2545 οὖσα
427 2477 482 2544 καὶ
510 2481 740 2564 δυσπρόσιτος.
778 2481 892 2563 ἔμελλε
918 2476 963 2562 δ’,
992 2479 1011 2545 δ
1034 2481 1159 2558 πάσαις

138 2589 233 2668 φιλεῖ
257 2588 454 2668 συμβαίνειν
481 2595 553 2660 ταῖς
579 2587 717 2650 πόλεσιν
745 2583 782 2650 ἐν
804 2594 873 2660 τοῖς
896 2595 1036 2670 μακροῖς
1058 2585 1158 2652 πολέ-

137 2715 213 2775 μοις
240 2687 429 2775 δῃουμένης
457 2690 513 2753 διδι
539 2691 598 2766 τάς
625 2700 776 2775 συνεχεῖς
802 2700 869 2754 τῶν
896 2693 1066 2775 πολεμίων
1090 2693 1159 2757 εί-

21 2789 25 2798 ’
138 2797 240 2880 βολάς
265 2805 324 2878 τῆς
350 2804 410 2878 γῆς
437 2792 491 2859 καὶ
519 2796 633 2880 μηκέτι
662 2799 741 2874 τοὺς
767 2798 915 2882 καρποὺς
938 2795 1158 2884 ἐκφερούσης,
1188 2880 1193 2887 .

211 3031 224 3077 1
246 3022 467 3095 καταβάλλοντες
485 3023 507 3076 Β
524 3026 527 3090 Ι
544 3021 625 3094 μέχρι
643 3032 698 3078 τῶν
717 3032 815 3093 τειχῶν
834 3024 857 3076 Β
890 3020 970 3093 μέχρι
988 3032 1045 3079 τῶν
1059 3030 1157 3081 πυλῶν

138 3097 164 3151 R
186 3093 331 3164 Kiessling
348 3096 414 3164 post
432 3095 537 3164 χώραν,
556 3093 644 3149 Cobet
663 3095 728 3150 obs.
747 3112 775 3164 p.
790 3099 824 3149 88
843 3097 909 3164 post
924 3096 1048 3167 Γαβίους
1067 3096 1155 3151 οοΙΙο-

137 3167 229 3222 canda
249 3182 310 3220 esse
325 3167 421 3219 censet
491 3171 508 3217 4
528 3164 676 3236 ἀπήγαγον
698 3166 720 3221 0
753 3166 863 3234 ἀπῆγον
883 3165 986 3220 Garrer
1000 3166 1066 3221 Obs.
1081 3185 1110 3236 p.
1122 3173 1155 3222 16

173 3247 189 3294 9
208 3236 265 3292 ἀπὸ
289 3240 387 3291 λοιποῦ
407 3245 525 3306 στρατοῦ
545 3255 567 3292 ο.
586 3237 687 3290 Portus
704 3239 709 3305 Ι
725 3233 895 3291 ἀποσπαθέν
914 3237 940 3290 Α
1013 3244 1046 3293 16
1066 3240 1156 3311 Σαβί-

137 3330 204 3374 νους
221 3308 274 3364 ΑΒ
299 3324 368 3362 corr.
389 3307 547 3376 Stephanus
568 3324 601 3362 ex
620 3307 669 3361 OD
685 3315 689 3369 λ
706 3306 844 3432 φέρονταχ
863 3307 1002 3380 βλέποντα
1021 3325 1045 3364 ο,
1066 3308 1156 3364 Cobet

138 3381 203 3436 Oba.
217 3399 245 3451 p.
262 3383 294 3434 75
344 3386 375 3434 17
396 3379 580 3448 ἀνεγείραςΟ
600 3395 669 3433 corr.
684 3378 808 3433 Reudler
845 3378 912 3435 iroc.
928 3377 989 3435 crit.
999 3398 1027 3449 p.
1038 3386 1073 3435 35
1120 3386 1154 3434 20

135 3451 295 3522 *άνόχυρος
312 3450 337 3503 Α
373 3451 522 3522 ἀνίσχυρος
540 3450 566 3503 R
637 3457 671 3505 23
689 3450 740 3514 τὰς
759 3449 822 3504 add.
841 3449 864 3502 B
