2414 3840
502 197 665 246 ..Δ-
1072 194 1093 259 3

74 365 211 441 μαῖκαῖς
244 355 406 439 ἱστορίαις
439 353 595 440 εὕρομεν,
627 357 659 420 εί
688 361 783 432 θεοῖς
814 379 849 420 τε
876 354 932 421 καὶ
960 357 1094 441 δαίμοσι

74 460 236 545 λέγεσθαι
260 464 359 545 φίλος
380 468 544 538 τοιοῦτος·
581 461 705 539 αἵτινες
727 462 791 526 ἀπὸ
814 471 872 546 τῆς
895 460 1005 538 ἑστίας
1027 474 1094 528 τῶν

21 571 273 651 εεεβασιλείων,
303 563 356 651 ἐφ’
379 561 418 650 ἦς
446 568 547 643 ἄλλας
574 589 609 631 τε
627 567 780 652 Ῥωμαῖοι
808 573 1027 633 συντελοῦσιν
1051 569 1095 633 ίε-

76 677 238 759 ρουργίας
260 671 314 738 καὶ
333 674 391 749 τὰς
410 672 474 737 ἀπὸ
493 683 560 737 τῶν
580 674 726 738 δείπνων
746 673 893 759 ἀπαρχὰς
911 674 1093 757 ἁγίζουσιν,

75 776 161 865 ὑπὲρ
193 788 256 844 τοῦ
286 780 391 864 πυρὸς
423 779 581 863 ἀνασχεῖν
613 779 771 863 λέγουσιν
801 782 933 846 αίδοῖον
961 781 1092 868 ἀνδρός.
1121 798 1136 839 ⁵

76 895 177 950 τοῦτο
207 882 244 949 δέ
271 885 464 950 θερίσασθαι
490 886 553 969 τὴν
573 881 739 971 Ὀκρισίαν
762 888 897 972 πρώτην
921 885 1094 974 φέρουσαν

75 994 156 1068 τοὺς
184 993 348 1068 εἰωθότας
374 993 540 1068 πελάνους
562 990 617 1057 ἐπὶ
638 994 676 1057 τὸ
700 1001 765 1078 πῦρ
793 991 849 1058 καὶ
872 993 989 1058 αὐτίκα
1012 996 1095 1080 πρὸς

76 1101 157 1174 τοὺς
178 1101 326 1181 βασιλεῖς
345 1099 514 1164 ἐλθοῦσαν
529 1100 642 1163 είπεῖν.
674 1101 734 1164 τὸν
749 1095 810 1182 μέν
826 1093 888 1163 οὖν
906 1100 1127 1185 Ταρκύνιονῖ

76 1204 267 1270 ἀκούσαντά
289 1228 325 1269 τε
348 1203 405 1270 καὶ
427 1206 508 1289 μετὰ
531 1200 624 1269 ταῦτ’
648 1207 764 1270 ίδόντα
781 1206 819 1270 τὸ
838 1203 935 1290 τέρας
953 1205 990 1270 έν
1008 1206 1094 1271 θαύ-

75 1332 155 1395 ματι
177 1309 348 1394 γενέσθαι,
374 1312 436 1394 τὴν
460 1307 497 1376 δὲ
524 1312 736 1376 Τανακυλίδα
757 1311 797 1375 τά
820 1305 849 1375 τ’
875 1312 959 1377 ἀλλα
982 1314 1093 1396 σοφὴν
1108 1330 1135 1369 1⁰

77 1411 186 1480 οὖσαν
213 1413 268 1480 καὶ
292 1416 333 1498 δὴ
357 1413 412 1481 καὶ
434 1418 475 1480 τδ
498 1418 639 1500 μαντικὰ
663 1416 804 1494 οῦδενὸς
825 1428 939 1503 χεῖρον
966 1421 1095 1504 Τυρρη-

76 1532 148 1586 νῶν
177 1520 398 1605 ἐπισταμένην
426 1523 531 1587 είπεῐν
558 1523 641 1605 πρὸς
671 1523 790 1605 αὐτόν,
824 1524 875 1589 ὅτι
902 1521 999 1606 γένος
1030 1523 1093 1589 ἀπὸ

76 1638 138 1711 τῆς
163 1625 271 1703 ἑστίας
293 1637 352 1711 τῆς
374 1630 545 1710 βασιλείου
569 1626 738 1714 πέπρωται
762 1629 921 1712 γενέσθαι
944 1640 1094 1715 κρεῖττον

76 1734 97 1816 ἢ
127 1733 297 1816 κατδιτὴν
326 1732 542 1819 ἀνθρωπείαν
570 1735 675 1817 φύσιν
704 1734 740 1799 έκ
767 1744 825 1819 τῆς
848 1739 1023 1819 μιχθείσης
1045 1744 1090 1823 τῷ

76 1840 226 1924 φάσματι
253 1841 420 1921 γυναικός.
456 1840 496 1903 τδι
524 1833 557 1903 δ’
590 1839 674 1903 αῦτδι
696 1837 751 1904 καὶ
774 1851 842 1905 τῶν
865 1842 976 1906 ἀλλων
999 1864 1092 1927 τερα-
1108 1859 1134 1901 ιε

76 1947 251 2012 τοσκόπων
280 1943 549 2029 ἀποφηναμένων
574 1944 666 2023 δόξαι
689 1955 735 2035 τῷ
759 1951 890 2031 βασιλεῖ
909 1949 971 2032 τὴν
991 1944 1094 2034 Ὀκρι-

76 2055 166 2135 σίαν,
190 2043 211 2136 ᾗ
235 2052 347 2136 πρώτη
370 2051 477 2135 ἐφύνη
496 2053 534 2116 τὸ
552 2050 663 2138 τέρας,
688 2055 735 2130 είς
754 2053 887 2138 ὁμιλίαν
905 2055 994 2142 αύτῷ
1015 2071 1094 2121 συν-

76 2164 207 2223 ελθεῖν·
231 2156 286 2223 καὶ
304 2160 385 2241 μετὰ
403 2167 501 2223 τοῦτο
520 2159 582 2241 τὴν
600 2170 743 2242 γυναῖκα
757 2160 1023 2245 κοσμησαμένην,
1044 2153 1095 2237 οίς

76 2269 158 2341 ἔθος
182 2262 251 2329 ἐστὶ
273 2270 472 2349 κοσμεῖσθαι
493 2266 551 2341 τὰς
568 2264 791 2350 γαμουμένας,
814 2270 1094 2348 κατακλεισθῆναι

26 2374 192 2455 εετμόνην
215 2371 262 2446 είς
280 2371 340 2434 τὸν
363 2365 467 2452 οἶκον,
492 2370 528 2435 ἐν
552 2361 634 2457 ᾧτδ
653 2369 749 2454 τέρας
768 2372 879 2455 ὤφθη.
916 2370 1093 2455 μιχθέντος
1103 2351 1135 2465 {3⁰

78 2479 120 2560 δή
147 2500 240 2553 τινος
267 2476 350 2560 αὐτῇ
378 2482 470 2542 θεῶν
497 2475 518 2560 ἢ
542 2479 714 2562 δαιμόνων
736 2475 792 2541 καὶ
815 2480 895 2562 μετὰ
918 2478 979 2562 τὴν
1002 2476 1092 2562 μίξιν

78 2581 328 2668 ἀφανισθέντος
359 2578 425 2648 εἴθ’
446 2583 632 2669 Ἡφαίστου
664 2585 816 2670 καθάπερ
850 2588 982 2651 οῖονταί
1006 2608 1094 2663 τινες

77 2697 142 2755 είτε
175 2699 237 2754 τοῦ
265 2686 334 2754 κατ’
363 2691 472 2753 οίκίαν
499 2689 623 2773 ἥρωος,
656 2688 823 2774 ἐγκύμονα
851 2689 1011 2772 γενέσθαι
1038 2688 1093 2755 καὶ

75 2807 185 2862 τεκεῖν
207 2798 267 2861 τὸν
291 2797 435 2860 Τύλλιον
459 2794 495 2860 έν
518 2806 587 2872 τοῖς
608 2797 797 2878 καθήκουσι
815 2799 957 2882 χρόνοις.
993 2805 1092 2862 τοῦτο

75 2905 114 2968 τὸ
146 2903 304 2986 μύθευμα
334 2901 375 2966 ού
406 2901 494 2965 πύνυ
523 2924 555 2965 τι
584 2903 701 2966 πιστὸν
730 2896 816 2967 εἶναι
844 2904 969 2968 δοκοῦν
997 2902 1090 2988 ἑτέρα
1106 2919 1133 2959 2⁵

150 3101 166 3147 2
196 3095 280 3164 φίλον
304 3110 326 3149 ο.
347 3091 506 3161 Stephanus
532 3096 536 3159 Ι
561 3095 704 3148 τοιοῦτοσί
727 3113 768 3156 τις
791 3092 816 3146 Α
870 3093 994 3163 spatium
1023 3095 1093 3148 dua-

74 3183 140 3219 rum
158 3164 215 3218 litt.
235 3166 265 3218 et
279 3166 345 3217 ante
359 3166 389 3218 et
401 3166 467 3231 post
480 3184 507 3218 τι
520 3163 566 3217 Ba
597 3173 735 3227 τοιοῦτος·
756 3165 860 3227 αἵτινες
874 3165 920 3218 Bb
937 3167 941 3238 Ι
958 3164 1092 3235 λέγεσθαι

75 3239 159 3308 φίλος
183 3230 258 3290 ἐστὶν
281 3243 416 3297 τοιοῦτος·
455 3235 511 3289 ἀπὸ
535 3251 584 3302 eqs
609 3234 789 3289 c.B1'icheler
811 3235 937 3299 τοιοῦτός
954 3257 996 3299 τις
1014 3235 1091 3298 ἄξιος

74 3325 98 3363 ο.
118 3306 229 3374 Kayser
247 3323 318 3360 nnn.
337 3305 407 3374 phil.
428 3303 496 3360 ‘1866
515 3324 542 3374 p.
558 3311 593 3359 44
651 3312 667 3359 3
687 3307 834 3379 βασιλείων
854 3307 976 3374 Sylburg
1012 3305 1091 3373 βασι-

73 3376 189 3434 λέωνΟ
247 3384 390 3446 6πρῶτον
404 3375 456 3429 ΑΒ
512 3382 545 3430 16
563 3375 615 3443 τὴν
630 3373 772 3447 Ὀκρισίαν
790 3376 891 3430 εδδΒ
948 3382 979 3429 17
994 3371 1089 3439 πρώτη

73 3450 98 3504 Β
135 3447 293 3517 πρῶτονΒ
363 3453 397 3501 22
416 3467 490 3510 τινες
508 3445 615 3500 add.ss
687 3454 722 3502 25
740 3467 768 3501 τι
786 3449 816 3500 et
833 3449 902 3500 θεία
921 3440 1027 3496 add.B

902 3529 939 3587 p
