2400 3848
138 103 201 166 146
565 107 789 192 -Ea

138 265 406 350 σκευωρούμενοι
437 266 477 330 τδι
509 266 592 331 κατὰ
622 266 684 350 τὴν
716 267 830 349 πόλιν,
863 266 908 343 ὡς
941 264 958 330 ὁ
990 266 1162 352 τύραννος

102 370 122 434 3
139 371 253 449 αὐτοῖς
276 370 447 436 ἐπέστειλε.
484 372 542 449 τάς
563 395 599 437 τε
621 373 685 456 γὰρ
709 371 883 449 ἐπιστολὰς
901 372 960 449 τδις
977 373 1071 458 παρὰ
1089 383 1160 438 τῶν

137 478 300 562 φυγάδων
322 488 393 553 τοῖς
416 477 614 561 ἐπιτηδείοις
637 477 747 543 αὐτῶν
771 477 975 543 άπεδίδοσαν
999 476 1057 544 καὶ
1075 475 1157 565 παρ’

137 583 275 648 ἐκείνων
303 580 415 667 ἕτέρας
441 583 524 668 πρὸς
551 585 631 660 τοὺς
659 583 812 668 φυγάδας
835 583 1035 668 ἐλάμβανον·
1076 599 1158 650 συν-

114 690 244 765 ιιόντες
277 683 313 753 δέ
345 693 481 766 πολλοῖς
513 690 560 766 είς
592 689 726 774 ὁμιλίαν
753 687 810 754 καὶ
839 690 1015 776 διάπειραν
1043 690 1158 756 αὐτῶν

136 803 195 878 τῆς
221 792 445 881 προαιρέσεως
469 796 708 880 λαμβάνοντες,
737 795 797 873 οὓς
819 795 1007 881 εὑρίσκοιεν
1030 797 1157 862 εὐαλώ-

136 924 216 979 τους
248 896 293 966 δι’
315 899 496 967 άσθένειαν
527 903 662 986 γνώμης
689 901 709 986 ἢ
738 904 815 985 βίου
842 902 965 968 σπάνιν
992 901 1014 986 ἢ
1041 905 1157 969 πόθον

136 1018 204 1073 τῶν
229 1007 266 1073 ἐν
289 1017 328 1094 τη
352 1009 527 1095 τυραννίδι
550 1008 765 1092 πλεονεξιῶν,
794 1008 929 1087 ἐλπίδας
951 1032 987 1073 τε
1010 1012 1157 1095 χρηστάς

100 1114 369 1248 4,ὑποτείνοντες
395 1115 507 1191 αὐτοῖς
534 1113 590 1179 καλ
613 1115 763 1200 χρηματα
787 1115 938 1192 διδόντες
957 1113 1200 1201 ἐπεχείρουνεο

100 1221 359 1313 ,θδιαφθείρεια
393 1223 531 1304 ἔμελλον
555 1216 588 1285 δ’
615 1221 725 1306 ὥσπερ
749 1222 835 1299 είκδς
858 1220 894 1286 ἐν
913 1223 1009 1286 πόλει
1028 1221 1156 1308 μεγάλη

135 1323 191 1409 καὶ
213 1327 445 1412 πολυοχλούσῃ
470 1329 687 1411 φανήσεσθαί
704 1350 792 1404 τινες
811 1328 846 1392 οἱ
862 1328 923 1410 τὴν
942 1330 1042 1413 χείρω
1061 1333 1157 1394 πολι-

135 1433 227 1496 τείαν
250 1432 466 1518 αἱρησόμενοι
488 1435 552 1519 πρὸ
576 1443 633 1517 τῆς
656 1436 845 1519 κρείττονος
869 1433 910 1498 οὐ
927 1443 996 1498 τῶν
1015 1433 1155 1519 ἀσήμων

136 1540 255 1622 μόνον,
284 1537 367 1603 άλλδι
390 1536 445 1604 καὶ
467 1551 534 1605 τῶν
558 1540 746 1624 ἐπιφανῶν,
774 1538 811 1605 ἐν
835 1531 885 1616 οἷς
908 1534 994 1623 ἦσαν
1015 1537 1159 1606 Ἰούνιοί

134 1667 169 1709 τε
199 1644 260 1710 δύο
287 1648 384 1723 Τίτος
411 1644 467 1711 καλ
495 1646 646 1731 Τιβέριος
668 1647 823 1732 Βρούτου
849 1647 966 1723 παῖδες
987 1655 1049 1711 τοῦ
1072 1647 1156 1713 ὑπα-

100 1750 293 1828 ῶτεύοντος
327 1751 448 1835 ἀρτίας
480 1751 658 1838 ἀρχόμενοι
691 1760 824 1836 γενειᾶν
855 1750 911 1816 καὶ
943 1754 1007 1817 σὺν
1041 1753 1157 1831 αὐτοῖς

137 1857 328 1923 Οὐιτέλλιοί
353 1881 389 1923 τε
417 1859 479 1923 δύο
503 1860 644 1945 Μάρκος
672 1855 727 1923 καὶ
750 1858 898 1941 Μάνιος,
927 1856 1069 1943 ἀδελφοὶ
1098 1869 1156 1945 της

135 1964 289 2049 Βρούτου
310 1967 480 2058 γυναικός,
506 1961 614 2029 ίκανολ
637 1964 677 2028 τδι
696 1964 793 2028 κοινά
805 1963 972 2050 πράττειν,
996 1962 1052 2029 καὶ
1065 1969 1155 2031 Κολ-

138 2073 276 2135 λατίνου
299 2069 446 2155 θατέρου
469 2081 536 2135 τῶν
559 2070 695 2135 ὑπάτων
719 2069 865 2155 ἀδελφῆς
887 2068 956 2136 υίολ
980 2071 1043 2136 δύο
1066 2073 1155 2137 Λεύ-

135 2200 206 2254 κιος
238 2174 293 2242 καὶ
325 2176 466 2262 Μάρκος
494 2172 658 2241 Ἀκύλλιοι
690 2176 753 2258 τὴν
785 2175 890 2260 αὐτὴν
922 2179 1053 2261 ἔχοντες
1084 2189 1155 2256 τοῖς

102 2300 130 2340 ²⁰
139 2284 293 2370 Βρούτου
315 2281 431 2348 παισὶν
449 2282 591 2367 ἡλικίαν,
614 2276 691 2368 παρ’
710 2273 759 2358 οἷς
778 2283 815 2347 αι’
830 2282 970 2347 σύνοδοι
988 2282 1155 2349 τὰπολλὰ

137 2380 289 2474 ἐγίνοντο
317 2392 439 2476 πατρὸς
467 2388 578 2455 οὐκέτι
605 2392 778 2475 περιόντος
802 2385 992 2465 αὐτοῖςκαὶ
1014 2389 1055 2453 τδι
1077 2388 1154 2476 περὶ

137 2504 195 2578 της
218 2476 371 2562 καθόδου
393 2507 461 2562 τῶν
484 2497 660 2582 τυράννων
684 2495 893 2580 βουλεύματα
912 2497 1118 2561 συνετάθετο.

204 2618 279 2684 VII.
301 2598 362 2685 Ἐκ
377 2625 512 2686 πολλῶν
535 2618 596 2705 μὲν
620 2617 682 2686 οὖν
704 2618 759 2685 καὶ
783 2621 893 2685 ἄλλων
917 2617 1012 2697 ἔδοξέ
1033 2643 1090 2703 μοι
1113 2621 1186 2685 τά8ο

132 2719 302 2808 Ῥωμαίων
330 2728 504 2812 πράγματα
531 2729 673 2813 προνοίᾳ
698 2733 791 2792 θεῶν
814 2728 861 2803 είς
882 2726 1049 2810 τοσαύτην
1071 2748 1153 2812 προ-

100 2835 253 2895 λῡελθεῖν
281 2830 512 2916 εὐδαιμονίαν,
544 2833 605 2917 οὐχ
633 2834 749 2916 ἥκιστα
778 2828 815 2897 δέ
842 2831 896 2897 καλ
925 2831 960 2896 ἐκ
987 2843 1056 2898 τῶν
1077 2835 1153 2899 τότε

205 3075 460 3132 3*άπεδίδουνο
516 3075 747 3202 θηράματαὲτδι
769 3078 915 3147 χρηστάΒ
968 3084 1001 3132 14
1020 3086 1070 3133 τοῦ
1088 3077 1152 3135 τότε

132 3147 322 3210 ὑπατεύοντος
335 3147 361 3201 Α
411 3154 444 3202 15
459 3146 670 3203 αύτοιοιτέλλιοι
709 3164 726 3201 a
753 3148 1026 3203 αύτοῖοπελλιοιΒλ)
1053 3151 1153 3204 αύτοῖο

134 3216 244 3274 Γέλλιοι
261 3218 287 3272 Α
311 3218 431 3272 correxit
450 3218 582 3288 Sigonius
675 3224 707 3273 19
724 3217 855 3274 Ἀκύλλιοι
874 3219 920 3272 Bb
955 3218 1086 3275 Ἀκυίλιοι
1102 3220 1151 3274 Ba

130 3289 265 3359 Ἀκυήλιοι
284 3290 309 3344 Α
381 3296 414 3344 22
435 3292 616 3345 συνετίθεντο
636 3290 658 3344 Ο
678 3306 748 3344 corr.
769 3289 857 3344 Cobet
875 3290 941 3344 Obs.
960 3308 988 3359 p.
1008 3297 1043 3345 94
1116 3298 1152 3346 24

131 3361 326 3433 προελθεῖνΒ
362 3366 536 3434 παρελθεῖν
554 3362 599 3431 ΑΙ
616 3358 647 3415 δὲ
667 3360 715 3416 καλ
735 3357 807 3417 ἐκΒ
844 3359 875 3415 δὲ
896 3357 927 3415 ἐκ
946 3361 972 3414 R
