2414 3840
525 177 689 226 ,Ε-

96 333 197 416 αύτῆς
225 333 376 414 ἐξουσίας
402 329 441 417 ἧς
463 337 506 399 σὺ
529 333 644 420 κύριος
667 335 723 401 ὥν.
769 333 824 401 καὶ
846 335 865 402 ό
888 340 1042 422 Βροῦτος
1064 336 1103 405 ότι

95 444 307 526 πικρανθείς,
333 441 404 506 Οὐκ
427 440 508 525 ἐμοῦ
531 437 577 525 γ’,
601 443 680 526 ἔφη,
706 445 841 526 ζῶντος,
864 438 892 508 ά
914 447 1103 510 Κολλατῖνε

96 549 174 624 τοὺς
197 549 361 633 προδότας
383 557 442 631 τῆς
464 549 624 634 πατρίδος
647 549 792 633 ἰσχύσεις
814 547 1001 626 ἐξελέσθαι·
1033 551 1103 617 ἀλλι

96 651 151 718 καὶ
174 656 217 718 σὺ
240 655 358 732 δώσεις
381 657 475 732 δίκας
497 653 536 731 ἃς
557 664 724 741 προσῆκεν
746 655 808 721 οὐκ
831 657 879 732 είς
901 656 1044 741 μακράν.

69 775 83 816 6
163 760 203 824 X.
235 757 335 826 Ταῦτ’
358 761 460 826 είπὼν
487 756 543 824 καί
568 761 723 845 φυλακὴν
745 772 815 838 τοῖς
837 765 1025 847 μειρακίοις
1047 761 1103 828 ἐπε

97 867 220 948 στήσας
247 866 356 932 ἐκάλει
378 868 437 932 τὸν
460 867 568 951 δῆμον
591 868 638 944 είς
660 866 845 952 ἐκκλησίαν.
876 871 1103 954 πληρωθείσηι

97 967 135 1038 δὲ
157 982 215 1058 τῆς
238 973 361 1058 άγοράς
383 974 499 1058 όχλου·
527 976 728 1059 περιβόητον
754 975 819 1059 γάρ
842 973 907 1039 ἀνά
928 975 992 1058 τὴν
1016 978 1102 1041 πόλι-

97 1079 179 1162 όλην
202 1081 239 1145 τὸ
262 1077 338 1165 περὶ
355 1081 436 1156 τοὺς
453 1080 574 1157 παῖδας
592 1079 696 1145 αὐτοῦ
714 1081 825 1157 πάθος
843 1079 1007 1163 ἐγεγόνει·
1035 1103 1103 1168 προ

97 1187 208 1251 ελθύν
235 1209 270 1250 τε
293 1184 348 1251 καί
371 1188 449 1263 τοὺς
471 1185 704 1271 ἐντιμοτάτους
725 1197 793 1253 τῶν
816 1186 853 1252 ἐν
876 1194 921 1274 τῷ
946 1188 1103 1277 συνεδρίχ

57 1269 392 1384 Ξπαραστησάμενος
414 1291 501 1371 ἔλεξε
524 1293 650 1359 τοιάδε·
683 1290 890 1378 Ἐβουλόμην
912 1289 976 1376 μὲν
998 1295 1059 1376 άν,
1088 1319 1103 1358 ι

99 1397 245 1480 [ἄνδρες]
270 1402 412 1481 πολῖται,
436 1401 644 1466 Κολλατῖνον
666 1397 801 1466 τουτονὶ
823 1401 883 1465 τὸν
901 1399 1097 1485 συνάρχοντ-

97 1500 172 1588 περὶ
208 1503 343 1570 πάντων
375 1528 432 1590 μοι
463 1505 566 1570 ταύτά
598 1517 739 1591 φρονεῖν
772 1503 828 1571 καὶ
862 1505 906 1589 μὴ
940 1513 989 1593 τῷ
1008 1510 1103 1594 ’λόγς

97 1611 218 1693 μόνον,
251 1608 334 1675 ἀλλά
366 1608 422 1676 καὶ
448 1622 518 1688 τοῖς
545 1614 655 1696 ἔργοις
681 1621 792 1695 μισεῖν
818 1613 898 1687 τοὺς
924 1613 1103 1697 τυράννου·

97 1713 152 1781 καί
181 1721 352 1800 πολεμεῖν·
389 1714 460 1782 ἐπεὶ
492 1714 530 1782 δὲ
559 1716 717 1783 τάναντία
745 1727 883 1803 φρονῶν
910 1714 1035 1801 γέγονέ
1061 1742 1103 1803 μο

57 1837 83 1878 15
96 1824 289 1907 καταφανὴς
316 1821 372 1888 καὶ
400 1826 490 1889 ἔστιν
518 1823 560 1889 ού
586 1826 692 1908 μόνον
719 1831 759 1909 τῇ
788 1824 888 1907 φύσει
915 1827 1103 1908 Ταρκυνίω·Ι

98 1931 272 2012 συγγενής,
297 1928 380 1994 άλλδι
402 1927 457 1994 καὶ
476 1937 515 2013 τῇ
534 1928 737 2015 προαιρέσει,
761 1928 942 2012 διαλλαγάς
960 1952 996 1995 τε
1015 1930 1103 2017 πράτ

97 2059 164 2101 των
188 2036 271 2121 πρὸς
293 2034 416 2113 αὐτοὺς
437 2034 493 2101 καὶ
516 2033 590 2101 άντὶ
612 2046 680 2101 τῶν
698 2041 795 2120 κοινῇ
815 2037 1063 2121 συμφερόντων
1080 2061 1103 2102 τι

98 2139 218 2207 ἑαυτοῦ
251 2151 385 2207 σκοπῶν
418 2139 599 2223 λυσιτελές,
637 2140 737 2217 αὐτός
768 2164 802 2206 τε
834 2141 979 2206 κωλύειν
1012 2142 1103 2209 αὐτὰ

96 2245 365 2333 παρεσκεύασμαι
401 2246 556 2332 πράττειν
588 2245 609 2310 δ
641 2248 723 2312 κατὰ
760 2256 845 2312 νοῦν
882 2249 950 2331 ἔχει
983 2268 1103 2334 πονηρι

58 2371 85 2410 2⁰
99 2355 190 2436 ὄντα,
214 2350 269 2419 καί
291 2353 377 2438 ὑμᾶς
399 2351 453 2419 ἐπὶ
475 2354 582 2440 τούτῳ
600 2351 821 2438 παρεκάλεσα·
845 2352 965 2438 φράσω
984 2351 1017 2418 δ’
1037 2354 1103 2440 ὑμῖτ

98 2471 231 2546 πρῶτον
255 2456 372 2545 <μὲν>,
396 2458 432 2525 ἐν
456 2451 506 2536 οἷς
529 2457 659 2542 ἐγένετο
682 2458 854 2534 κινδύνοις
875 2459 916 2522 τὰ
938 2459 1103 2545 πράγματι

97 2576 155 2649 τῆς
173 2569 309 2648 πόλεως,
330 2569 440 2631 ἔπειτα
458 2576 528 2643 πῶς
546 2565 659 2641 αὐτοῖς
676 2563 827 2650 ἑκάτερος
840 2564 934 2649 ἡμῶν
949 2564 1103 2653 κέχρηται

63 2671 83 2736 3
98 2682 166 2736 τῶν
179 2677 325 2743 πολιτῶν
339 2695 426 2747 τινες
440 2674 661 2748 συνελθόντες
675 2673 721 2747 είς
735 2671 797 2754 τὴν
806 2669 992 2738 Ἀκυλλίων
1007 2675 1103 2740 οίκίω,

97 2787 165 2843 τῶν
198 2778 233 2844 ἐκ
265 2786 323 2861 τῆς
350 2780 560 2844 Κολλατίνου
589 2778 777 2860 γεγονότων
805 2776 968 2860 ἀδελφῆς,
1001 2779 1042 2845 ἐν
1070 2773 1103 2847 οἷ

59 2899 86 2941 2⁵
100 2879 186 2968 ἦσαν
211 2884 246 2949 οί
265 2879 294 2948 τ’
316 2880 390 2967 ἐμοὶ
411 2886 528 2961 παῖδες
551 2883 734 2968 ἀμφότεροι
755 2880 811 2948 καὶ
829 2883 865 2948 οί
879 2892 938 2967 τῆς
956 2889 1103 2968 γυναικὸ

169 3074 220 3128 4
205 3095 239 3138 ας
258 3093 301 3130 σοι
320 3074 342 3129 Ο
361 3076 474 3142 praeter
491 3075 514 3128 B
539 3077 544 3144 Ι
568 3082 711 3144 προσῆκον
731 3092 754 3130 ο.
774 3075 878 3130 Reiske
914 3077 1103 3146 προσήκειν(

97 3163 188 3236 προοχ
176 3153 241 3201 κον
260 3163 283 3202 ο
297 3144 427 3200 Hertlein
440 3145 557 3199 Hermes
571 3096 659 3200 Χρ414
716 3153 732 3201 8
751 3165 809 3217 παρ
811 3146 903 3202 ελθὼν
917 3147 1103 3206 Hertleinl..

100 3225 132 3273 10
152 3216 203 3288 μὲν
223 3212 296 3286 δὴ
279 3239 299 3270 ω
319 3216 421 3285 άνδρες
439 3218 464 3269 Α
501 3216 536 3285 δὴ
557 3216 621 3271 add
640 3235 675 3273 m
697 3234 721 3284 a,
740 3167 809 3287 μὲνῼ
811 3217 868 3273 άνδ
868 3216 1010 3287 ρεςΒ
994 3241 1033 3274 αν
1053 3221 1103 3275 adc'

101 3289 191 3344 Cobet
210 3290 274 3344 Obs.
294 3306 321 3357 p
337 3295 370 3342 96
390 3287 439 3355 qui
453 3287 509 3342 άνὸ
510 3307 555 3357 ρες
570 3287 659 3354 δοΙολς
678 3259 851 3344 Κόλλατῑνον
865 3239 920 3344 δελ
936 3287 1062 3346 Cobetl
1077 3292 1095 3346 1.

99 3362 148 3416 τὸν
168 3359 260 3431 άνδρα
280 3357 454 3429 συνάρχοντα
474 3357 543 3414 ὄντα
562 3357 584 3413 Ο
603 3360 685 3427 praet
687 3375 717 3412 er
734 3359 757 3412 B
824 3364 857 3415 12
877 3360 997 3430 *περὶ
982 3361 1102 3418 απάντω

102 3431 124 3485 Ο
198 3439 231 3485 21
251 3428 303 3502 μὲν
322 3430 385 3485 εδδ.
404 3429 549 3498 Kiessling
