2414 3840
526 174 685 253 75-

98 344 181 401 αῦτα
201 333 454 420 διαφερομένων
472 346 540 398 τῶν
558 335 693 398 ὑπάτων
712 335 793 397 κατά
810 343 897 417 σφᾶς
915 334 1040 410 αὐτοὺς
1058 332 1112 399 καὶ

98 441 196 507 ὁπότε
219 443 403 524 συναχθείη
427 438 608 520 συνέδριον
629 437 685 504 καὶ
709 441 1013 524 συλλαμβανόντων
1034 445 1113 504 πολ-

98 552 167 612 λῶν
191 546 348 634 ἑκατέρω,
374 547 395 627 ἡ
419 543 481 630 μὲν
504 546 609 629 βουλή
633 549 838 629 φιλονεικίας
860 543 916 610 καί
938 547 1114 628 θορύβους

97 651 153 718 καὶ
186 657 308 735 λόγους
338 652 520 736 ἀκόσμους,
554 645 605 727 οἷς
637 651 801 734 ἀλλήλους
833 651 1113 734 προύπηλάκιζον,

71 759 280 842 τάκούσασα,
305 763 471 844 σωτήριον
495 755 531 823 δὲ
554 759 724 842 βούλευμα
747 754 849 823 οὐδὲν
872 755 1113 841 καθισταμένη,

99 866 256 930 διελύετο.

164 970 268 1035 XXV.
296 967 565 1054 Διατριβομένου
588 965 618 1033 δ’
642 971 689 1045 είς
710 977 814 1033 ταῦτα
836 972 963 1032 πολλοῦ
986 971 1156 1052 χρόνου1οε

98 1076 116 1142 ὁ
140 1076 252 1162 ἕτερος
274 1088 341 1141 τῶν
364 1076 499 1140 ὑπάτων
522 1079 733 1159 Σερουίλιος
766 1070 810 1158 ήυ
832 1074 895 1157 γάρ
918 1073 939 1156 ή
959 1079 1114 1158 στρατεία

97 1184 180 1247 κατὰ
212 1188 336 1267 κλήρου
369 1181 485 1267 ἐκείνῳ
517 1184 748 1266 προσήκουσα·
784 1185 889 1264 πολλή
919 1181 1031 1263 δεήσει
1059 1180 1114 1246 καὶ

58 1309 84 1349 ιο
98 1291 261 1372 θεραπείᾳ
283 1287 619 1370 παρασκευασάμενος
641 1287 678 1350 τὸ
701 1286 880 1369 δημοτικὸν
899 1286 1115 1369 συνάρασθαι

98 1402 159 1457 τοῦ
188 1392 351 1476 πολέμου,
380 1394 527 1476 δύναμιν
550 1395 635 1476 ἔχων
659 1393 721 1457 ούκ
744 1392 780 1456 ἐκ
802 1385 988 1474 καταλόγου
1011 1409 1114 1477 προσ-

98 1498 364 1583 ηναγκασμένην,
384 1497 456 1563 ἀλλ’
474 1497 640 1581 ἑκούσιον,
661 1499 707 1574 ὡς
721 1500 757 1562 ολ
767 1495 877 1582 καιροὶ
891 1498 1113 1582 παρεκάλουν,

98 1604 238 1689 έξήλθευ
270 1603 336 1670 ἐπὶ·
353 1607 413 1670 τὸν
442 1608 589 1689 πόλεμον
621 1608 670 1669 ἔτι
700 1615 768 1669 τῶν
797 1603 1022 1669 Οὐολούσκων
1055 1627 1115 1670 πα-

98 1709 392 1795 ρασκευαζομένων
406 1708 462 1775 καὶ
476 1706 655 1794 Ῥωμαίους
668 1706 730 1794 μὲν
744 1710 821 1774 οὔτε
834 1710 1114 1794 προσδεχομένων

60 1837 85 1878 ιε
99 1818 179 1902 μετά
212 1817 385 1900 δυνάμεως
416 1816 507 1899 ήξειν
539 1815 592 1880 έπλ
625 1825 727 1899 σφᾶς,
760 1816 846 1880 οὕτω
876 1828 1115 1894 στασιαστικῶς

98 1923 377 2006 πολιτευομένους
409 1919 464 1986 καὶ
497 1921 626 2005 ἐχθρῶς
658 1925 794 2005 ἔχοντας
825 1922 908 2005 πρὸς
938 1921 1113 2006 ἀλλήλους,

99 2023 169 2093 οὔτ’
191 2029 239 2105 είς
266 2038 377 2111 χεῖρας
405 2027 496 2110 ήξειν
525 2038 595 2102 τοῖς
623 2025 774 2091 ἐπιοῦσιν
802 2024 979 2108 οἰομένων
1017 2033 1114 2112 σφίσι

99 2129 137 2198 δὲ
173 2134 300 2216 πολλήν
333 2132 488 2211 ἐξουσίαν
519 2131 680 2216 ὑπάρχειν
714 2131 811 2196 ὁπότε
843 2132 1021 2214 βούλοιντο
1054 2145 1113 2200 τοῦ

63 2238 245 2324 2πολέμον
277 2241 399 2323 ἀρχειν.
445 2237 559 2321 ἐπειδὴ
592 2235 626 2302 θ’
661 2237 811 2323 ᾔσθοντο
844 2243 1001 2323 πολεμεῖν
1032 2239 1110 2306 θέον

60 2368 86 2408 ιο
101 2344 196 2411 αὐτοὶ
224 2346 483 2430 πολεμούμενοι,
510 2348 584 2410 τότε
612 2346 654 2428 δὴ
677 2348 961 2428 καταπεπληγότες
983 2349 1022 2411 τὸ
1046 2358 1113 2413 τῶν

93 2448 264 2536 Ῥωμαίων
284 2452 392 2535 τάχος,
417 2451 582 2534 ίκετηρίας
601 2449 823 2533 ἀναλαβόντες
841 2450 877 2514 ἐκ
895 2460 962 2514 τῶν
981 2453 1156 2517 πόλεωνεοῖ

99 2559 134 2624 οί
164 2561 351 2645 γεραίτατοι
382 2553 552 2642 προήισαν
585 2554 813 2641 ἐπιτρέποντες
844 2563 889 2643 τςό
923 2560 1112 2645 Σερουϊλίῳ

170 2791 186 2837 2
205 2783 236 2837 τὸ
257 2781 405 2853 συνέδριον
423 2800 446 2836 c.
467 2783 589 2852 Sylburg
608 2783 656 2850 qui
675 2782 724 2836 καλ
742 2781 797 2838 del.
862 2789 877 2835 3
897 2775 1040 2851 ἑκατέρων
1058 2783 1111 2836 ΑΒ

99 2850 221 2923 ἑκατέρω
240 2854 317 2907 DEb
334 2858 338 2923 Ι
354 2854 403 2908 καὶ
421 2855 563 2927 θορύβους
580 2857 646 2923 ροεί
664 2851 841 2923 ἀκύομουςΒ
896 2859 913 2906 4
931 2852 1113 2923 *προεπηλά-

99 2909 219 2990 κιζουΟ
283 2923 548 2994 ῶκαταστησαμένη
569 2943 590 2979 ο.
610 2923 714 2978 Reiske
770 2922 921 2992 8στρατιά
939 2923 1022 2976 ABD
1080 2931 1110 2978 11

100 2994 165 3065 ἕχον
243 3001 277 3048 15
296 2995 534 3057 στασιαστικῶςΒ
572 3002 772 3065 στρατιωτικῶς
790 2993 874 3046 ADE
953 3000 986 3048 16
1007 2993 1113 3064 ἔχθρας

99 3068 122 3120 Β
195 3072 228 3121 17
247 3069 317 3132 τοῖς]
342 3067 437 3128 αὐτοῖς
460 3065 563 3120 Reiske
642 3072 674 3119 18
694 3065 861 3137 βούλοιτοΒ
941 3071 973 3118 19
992 3063 1111 3134 ἤρχοντο

101 3139 123 3193 O
160 3135 284 3208 ᾔσθοντο
303 3137 408 3191 Reiske
441 3131 538 3204 ἐπειδὴ
558 3134 586 3191 δ’
602 3136 722 3207 ἥρχοντο
740 3138 926 3205 πολεμεῖσθαι
945 3133 1012 3190 δέον
1032 3135 1113 3191 αύτολ

98 3213 231 3279 πολεμεῖν
250 3224 273 3261 c.
294 3207 416 3275 Sylburg
437 3205 481 3259 vel
504 3207 535 3261 τὸ
554 3207 620 3261 δέον
644 3206 830 3276 expungenda
852 3205 899 3260 vel
919 3203 986 3260 δέον
1010 3208 1114 3269 αὐτούς

98 3283 283 3349 πολεμεῖσθαι
307 3277 430 3346 legenda
453 3293 476 3330 c.
500 3277 600 3330 Portus
637 3274 736 3345 ἐπειδὴ
759 3274 788 3331 δ’
813 3276 932 3346 ἤρχοντο
956 3277 1040 3331 αὐτοὶ
1062 3297 1114 3332 πο-

100 3351 273 3421 λεμούμενοι,
292 3346 353 3402 τότε
373 3347 408 3417 δὴ
427 3351 559 3416 πολεμεῖν
578 3348 644 3403 δέον
663 3365 686 3402 ο.
702 3347 831 3402 Schnelle
847 3349 942 3402 Exere.
958 3346 1020 3401 erit.
1036 3366 1063 3417 p.
1079 3355 1114 3403 34

99 3427 133 3475 22
153 3421 309 3490 γεραίτεροι
327 3418 350 3471 Β
367 3416 546 3490 ήτιροοήεσαν
564 3419 587 3471 Β
642 3483 644 3487 ¹
