2414 3840
479 181 644 230 -Ε-
1007 176 1071 242 189

56 365 162 426 νηται.
208 336 308 419 οὗτος
340 341 358 407 ὁ
390 351 498 426 χῶρος
530 338 591 416 ἕως
618 349 686 403 τῶν
713 333 792 403 καθ’
817 339 903 423 ἡμᾶς
929 341 1072 424 χρόνων,

61 449 207 515 Μούκιοι
225 453 385 533 λειμῶνες
402 451 591 512 καλοῦνται.
628 453 732 510 ταῦτα
755 441 816 530 μέν
834 455 904 522 τοῖς
919 444 1109 531 &woden-2

38 556 200 642 σιΚλοιλίιγ
223 549 261 619 δέ
278 561 319 639 τῇ
336 551 496 641 παρθένμ
516 551 633 618 στάσιν
652 553 781 629 εἰκόνος
798 557 920 636 χαλκῆς
938 553 1072 634 ἔθυσαν,

66 659 295 744 ῗμάνέθεσαν
323 657 377 725 ἐπὶ
402 667 461 742 τῆς
490 659 579 745 ίεράς
606 659 690 725 ὁδοῦ
711 668 769 743 της
791 661 839 736 είς
860 659 922 742 τὴν
946 657 1073 743 άγοράν

71 768 226 853 φερούσης
245 766 281 831 οί
295 776 365 831 τῶν
381 763 564 851 παρθένων
581 765 728 851 πατέρες.
764 765 889 848 ταύτην
904 764 997 849 ἡμεῖς
1012 763 1100 850 μὲνσ

38 904 42 961 J
75 872 171 940 ούκέτι
196 871 354 957 κειμένην
381 873 539 958 εὕρομεν,
570 869 699 956 έλίγετο
729 866 759 935 δ’
782 869 973 957 ἐμπρήσεως
997 870 1073 958 περὶ

38 1044 41 1053 ,
78 980 125 1057 τὰς
140 983 281 1064 πλησίον
304 980 411 1056 οίκίας
432 977 616 1064 γενομένης
637 977 834 1064 ἠφανίσθαι.
880 978 975 1043 Κατὰ
997 981 1108 1044 τοῦ-3

80 1106 127 1150 τοι
153 1088 209 1153 τὸν
241 1087 397 1153 ἐνιαυτὸν
429 1087 447 1152 ὁ
475 1086 560 1163 νεὼς
587 1094 647 1152 τοῦ
674 1089 890 1151 Καπιτωλίου
917 1086 1000 1162 Διὸς
1027 1085 1074 1161 είς

85 1192 253 1260 συντέλειαν
276 1193 492 1280 ἐξειργάσθη,
515 1190 589 1277 περὶ
615 1187 656 1258 οὗ
678 1194 719 1258 τά
740 1194 823 1258 κατὰ
846 1190 946 1278 μέρος
968 1191 1006 1257 έν
1027 1198 1073 1279 τῷ

38 1298 42 1365 ³.
86 1299 132 1382 πρὸ
150 1301 267 1366 τούτου
292 1300 463 1383 δεδήλωκα
487 1301 585 1386 λόγῳ.
628 1299 690 1381 τὴν
713 1295 744 1364 θ’
767 1295 946 1384 ἀνιέρωσιν
970 1298 1074 1364 αὐτοῦ
1090 1317 1115 1356 10

85 1401 126 1469 τοί
149 1408 205 1491 την
233 1405 424 1493 έπιγραφην
451 1408 548 1489 ἔλαβε
575 1405 716 1492 Μάρκος
739 1402 888 1490 Ὁράτιος
917 1405 935 1470 ὁ
963 1403 1075 1491 ἕτερος

38 1522 40 1529 ·
86 1519 136 1576 τῶν
153 1512 286 1579 ὑπάτων
309 1513 445 1598 φθάσας
466 1512 529 1595 την
551 1513 740 1596 παρουσίαν
757 1521 819 1577 τοῦ
839 1512 1074 1598 συνάρχοντος.

87 1612 218 1702 ἐτύγχανε
246 1614 284 1684 δέ
310 1619 394 1683 κατὰ
420 1618 481 1682 τὸν
503 1616 622 1702 καιρὸν
643 1624 765 1682 τοῦτον
789 1616 972 1703 Οὐαλέριος
994 1639 1075 1704 προ-

87 1718 267 1807 ιξιληλνθὼς
285 1725 366 1808 μετά
381 1723 553 1808 δυνάμεως
567 1721 621 1788 έπί
633 1723 696 1806 τὴν
709 1725 872 1807 βοήθειαν
885 1733 944 1807 τῆς
957 1724 1075 1808 χώρας.

50 1852 55 1861 ·
87 1825 141 1911 ίρτι
166 1833 228 1917 γάρ
259 1841 328 1896 τῶν
361 1829 553 1916 ἀνθρώπων
580 1830 831 1895 καταλιπόντων
858 1830 898 1894 τά
929 1829 1074 1914 ἐρύματα
1090 1846 1115 1886 1⁵

86 1931 125 1999 τοί
143 1940 325 2004 συνιόντων
346 1937 395 2014 είς
416 1938 495 2013 τοὺς
518 1935 643 2021 ἀγροὺς
665 1938 826 2022 ληστηρια
843 1933 982 2021 πέμπων
999 1939 1076 2002 Μα-

86 2042 170 2121 μίλιος
190 2044 316 2129 μεγάλα
336 2044 608 2147 τοὺςγεωργοὺς
632 2045 802 2126 ἔβλαπτεν.
833 2039 925 2108 ταῦτ’
948 2040 1001 2108 ἐπὶ
1018 2051 1077 2127 τῆς

86 2150 172 2234 τρίτης
193 2150 351 2228 ὑπατείας
372 2149 533 2236 ἐπράχθη.

75 2259 88 2309 ⁵
133 2255 278 2322 XXXVI.
315 2256 360 2321 Οί
389 2252 426 2322 δέ
455 2258 515 2321 τὸν
544 2254 702 2341 τέταρτον
733 2255 887 2321 ἐνιαυτὸν
919 2254 1076 2340 ἄρξαντες

87 2355 181 2428 ύσοτοι
202 2365 352 2448 Σπόριος
371 2363 517 2449 Λάρκιος
538 2359 595 2427 καὶ
613 2365 711 2439 Τῑτος
724 2357 892 2446 Ἑρμίνιος
914 2363 995 2426 άνευ
1017 2383 1076 2426 πο-
1091 2380 1117 2418 20

89 2463 166 2549 λέμου
194 2471 257 2554 την
290 2469 395 2556 ἀρχὴν
427 2467 625 2535 διετέλεσαν.
671 2467 724 2534 έπὶ
755 2470 885 2535 τούτων
903 2467 1026 2554 ’Ἄρρος
1057 2469 1075 2534 ὁ

91 2571 237 2659 Πορσίνου
260 2584 322 2641 τοῦ
339 2579 523 2662 Τυρρηνῶν
546 2573 709 2659 βασιλέως
726 2577 800 2654 υίὸς
816 2576 879 2659 την
894 2573 1077 2662 Ἀρικηνῶν

60 2718 64 2725 -
91 2679 163 2746 πόλιν
180 2684 339 2768 δεύτερον
358 2684 431 2758 ἔτος
443 2683 507 2766 ἤδη
523 2688 712 2768 πολιορκῶν
727 2683 944 2767 ἐτελεύτησεν.
973 2683 1078 2760 εὐθὺς
1093 2685 1112 2748 2

94 2784 139 2871 γὰρ
156 2790 218 2875 ἅμα
241 2812 288 2854 τιι
312 2786 472 2873 γενέσθαι
494 2791 553 2867 τάς
570 2785 741 2875 Ῥωμαίων
760 2791 908 2867 σπονδάς
924 2791 987 2873 την
1005 2790 1078 2876 ἡμί-

95 2901 161 2959 σειαν
188 2905 247 2981 τῆς
279 2904 434 2982 στρατιάς
461 2907 582 2983 μοῖραν
610 2898 700 2983 παρὰ
727 2905 787 2962 τοῦ
815 2897 939 2983 πατρὸς
966 2897 1078 2980 λαβὼν
1093 2913 1118 2954 25

96 2987 281 3083 ἐστράτευσεν
313 3001 367 3068 ἐπὶ
398 3005 478 3079 τοὺς
501 3001 697 3090 Ἀρικηνοὺς
725 2992 815 3069 ίόίαν
841 3005 1078 3083 κατασκευαζό-

145 3161 172 3213 13
185 3169 234 3230 της
248 3157 355 3224 πόλεως
368 3161 600 3230 προεξεληλυθὼς
614 3161 636 3215 Ο
655 3163 769 3231 praeter
782 3162 804 3214 Β
855 3165 889 3215 16
904 3160 953 3215 καὶ
968 3159 1079 3215 συνιόν-

97 3227 195 3286 mdeL
213 3230 345 3286 Hertlein
361 3231 479 3286 Hermes
498 3232 523 3286 X
541 3238 595 3286 414
663 3239 697 3288 20
713 3231 904 3303 ‘Eppfq'vtosO
972 3237 1005 3283 21
1021 3226 1079 3296 ’Ἆρ-

96 3297 169 3354 ⁰ch
243 3310 278 3358 23
297 3306 454 3374 πολιορκῶν
472 3303 602 3358 Hertlein
620 3304 639 3360 l.
658 3306 677 3360 l.
697 3305 768 3357 duce
786 3303 871 3357 Porto
907 3296 1077 3369 πολεμῶνΟ

92 3356 374 3486 ἱῖηέστρατοπέᾷευοεν
399 3374 421 3429 0
448 3378 561 3444 praeter
583 3375 606 3428 B
652 3372 931 3443 κατασκευαοόμενος
954 3387 976 3423 ο.
995 3368 1078 3420 Herb-

147 3439 199 3502 Ll.
219 3445 384 3502 dubltanter
