2414 3840
528 148 693 198 -A-
1078 145 1121 210 83

98 319 167 374 τῶν
190 310 255 395 γάρ
274 310 572 395 παρακομιζόντων
589 308 631 372 τά
647 304 685 372 θ’
707 305 870 391 ὑποζύγια
888 304 942 372 καλ
961 307 1023 391 την
1041 307 1121 374 άπο-

100 416 227 499 σκευὴν
259 422 322 480 τοῦ
353 416 489 501 Τύρνου
518 416 741 501 θεραπόντων
768 416 848 490 τοὺς
874 413 1123 500 πονηροτάτους

99 520 247 608 ἐξευρὼν
274 519 331 587 καλ
358 523 561 608 διαφθείρας
583 523 749 607 χρήμασιν
772 523 907 587 ἔπειθεν
930 520 995 586 ὑπὸ
1017 521 1122 587 νύκτα

99 627 181 712 ξίφη
210 629 318 694 πολλά
345 622 425 711 παρ’
447 627 552 694 αὐτοῦ
581 630 745 711 λαβόντας
768 629 967 711 εἰσενεγκεῖν
991 629 1038 705 είς
1060 629 1122 711 τὴν

98 733 285 800 κατάλυσιν
306 743 369 800 τοῦ
392 734 556 800 δεσπότου
578 731 634 799 καὶ
657 731 848 799 ἀποθέσθαι
870 735 1062 818 κρύψαντας
1085 734 1148 800 έντ

100 851 175 919 τοῖς
194 844 424 928 σκευοφόροις.
456 849 496 927 τῇ
516 835 548 906 δ’
565 839 638 925 ἑξῆς
655 839 761 926 ἡμέρᾳ
776 843 1001 926 συναχθείσης
1020 841 1120 926 <τῆς>
1136 844 1156 909 3

99 933 276 1032 ἐκκλησίας
305 948 485 1034 παρελθὼν
516 943 600 1034 ὑπὲρ
631 943 692 1032 μὲν
721 958 789 1012 τῶν
818 946 1121 1033 κατηγορηθέντων

99 1057 263 1140 βραχεῖαν
297 1057 410 1138 ἐλεγεν
443 1048 530 1120 εἶναι
562 1054 625 1137 τὴν
656 1053 842 1137 ἀπολογίαν
873 1052 928 1118 καὶ
961 1054 1121 1137 δικαστὴν

99 1160 260 1226 ἁπάντων
291 1160 433 1227 ἐποιεῖτο
465 1170 533 1226 τῶν
564 1160 778 1245 ἐγκλημάτων
806 1161 910 1225 αὐτὸν
938 1161 997 1225 τὸν
1024 1162 1120 1244 κατη-

97 1262 215 1351 γορον.
254 1264 379 1332 Οὑτοσὶ
396 1267 470 1353 γάρ,
495 1269 570 1351 ἔφη,
594 1268 734 1352 Τύρνος,
755 1261 781 1330 ὦ
802 1267 972 1352 σύνεδροι,
990 1267 1120 1332 τούτων
1134 1288 1160 1328 ιο

98 1367 150 1438 ὧν
182 1375 266 1439 νυνί
295 1397 361 1458 μου
389 1384 570 1459 κατηγορεῖ
593 1374 729 1439 πάντων
758 1373 915 1458 δικαστὴς
940 1377 1120 1459 γενόμενος

98 1478 203 1556 αὐτὸς
229 1478 376 1545 ἀπέλυσέ
394 1503 451 1564 με,
479 1480 534 1546 ὅτε
555 1481 618 1563 τὴν
639 1478 811 1565 θυγατέρα
832 1480 896 1563 τὴν
919 1480 1002 1564 ἐμὴν
1024 1480 1119 1563 ἐβού-

98 1592 176 1652 λετο
204 1590 319 1670 λαβεῖν
351 1594 502 1669 γυναῖκα.
548 1584 617 1651 ἐπεὶ
646 1583 677 1650 δ’
702 1585 877 1669 άπηξιώθη
905 1597 973 1651 τῶν
1002 1587 1155 1671 γάμων4

97 1693 184 1758 κατὰ
210 1695 249 1758 τὸ
272 1694 373 1769 είκός·
409 1696 459 1770 τίς
481 1693 546 1778 γάρ
570 1691 612 1758 άν
634 1703 702 1758 τῶν
726 1700 812 1757 νοῦν
836 1691 983 1776 ἐχόντων
1008 1696 1120 1776 Μαμί-

97 1805 177 1865 λιον
195 1800 255 1865 τὸν
273 1798 510 1882 εὐγενέστατόν
524 1796 628 1864 τεκαὶ
646 1798 824 1880 κράτιστον
839 1800 995 1862 Λατίνων
1014 1797 1118 1863 άπεώ-
1134 1816 1158 1858 15

98 1922 194 1988 σατο,
217 1914 339 1971 τοῦτον
363 1902 400 1970 δὲ
422 1906 587 1988 κηδεστὴν
609 1903 728 1988 ἠξίωσε
751 1908 882 1989 λαβεῖν,
907 1905 943 1983 ὃς
966 1899 1043 1971 οὐδ’
1072 1909 1119 1985 είς

97 2015 216 2099 τρίτον
242 2013 378 2078 πάππον
405 2012 595 2094 ἀνενεγκεῖν
623 2013 690 2096 έγει
716 2013 754 2077 τὸ
776 2011 890 2096 γένος;
922 2012 1117 2095 ἀγανακτῶν

98 2116 155 2184 ἐπὶ
183 2119 290 2206 τούτῳ
317 2125 382 2183 νῦν
407 2119 480 2202 ἥκει
508 2141 574 2203 μου
602 2128 805 2203 κατηγορῶν.
845 2120 919 2184 Ιἔδει
945 2114 977 2183 δ’
1003 2119 1116 2204 αὐτόν,

44 2226 132 2291 ἰοοεί
152 2221 215 2309 μὲν
239 2222 313 2309 ᾔδει
335 2247 375 2308 με
397 2232 553 2289 τοιοῦτον
576 2224 672 2306 όυτα,
703 2215 777 2289 οἷον
800 2232 865 2288 νῦν
888 2225 1047 2306 αἰτιᾶται,
1072 2227 1117 2310 μη

96 2321 352 2417 προθυμεῖσθαι
383 2333 500 2413 λαβεῖν
526 2331 601 2394 τότε
629 2331 811 2415 πενθερόν·
849 2331 881 2394 εί
906 2327 943 2394 δέ
971 2333 1116 2416 χρηστὸν
1130 2350 1157 2390 το

96 2437 265 2522 ἐνόμιζεν,
293 2437 346 2502 ὅτε
373 2435 435 2520 την
462 2434 634 2522 θυγατέρα
660 2459 701 2520 με
723 2430 849 2522 ᾐτεῖτο,
877 2434 961 2520 μηδὲ
984 2444 1049 2501 νῦν
1071 2438 1117 2515 ὡς

96 2551 253 2629 πονηροῦ
279 2551 484 2629 κατηγορεῖν.
531 2539 587 2607 καί
613 2540 689 2628 περὶ
716 2539 778 2627 μέν
802 2541 947 2625 ἐμαυτοῦ
970 2546 1151 2612 τοσαῦταὸ

97 2649 198 2736 λέγω·
235 2649 316 2736 ὑμῖν
340 2645 385 2734 δ’,
418 2646 445 2716 ὦ
474 2651 651 2737 σύνεδροι,
682 2651 853 2716 κινδύνων
875 2651 935 2716 τὸν
958 2649 1115 2735 μέγιστον

95 2756 276 2844 τρέχουσιν
298 2755 345 2845 ἰού
372 2755 452 2845 περὶ.
476 2757 559 2842 ἐμοῦ
587 2755 747 2824 σκεπτέον
775 2754 844 2822 ἐστὶ
871 2760 964 2840 νυνί,
992 2760 1115 2844 πότερα

96 2865 239 2953 χρηστὸς
266 2863 288 2948 ἣ
318 2867 464 2950 πονηρός
487 2866 566 2949 είμι·
602 2860 696 2928 τουτί
718 2865 782 2950 γάρ
806 2860 932 2940 ἐξέσται
954 2862 1011 2929 καλ
1034 2868 1114 2949 μετά
1128 2882 1153 2923 25

95 2966 195 3038 ταῦθ’
217 2970 299 3057 ὑμῖν
318 2982 468 3038 σκοπεῖν·
499 2970 583 3036 άλλδ
599 2967 675 3052 περὶ
693 2979 751 3054 τῆς
768 2969 863 3054 ὑμῶν
882 2970 993 3036 αὐτῶν
1007 2971 1113 3057 άσφα-

94 3083 185 3158 λείας
208 3074 266 3144 καὶ
288 3076 365 3163 περὶ
387 3086 445 3162 τῆς
466 3088 534 3143 τῶν
552 3078 723 3163 πατρίδων
742 3076 942 3162 ἐλευθερίας.
981 3079 1113 3162 ἐπιβου·

162 3267 273 3342 4παρ’
291 3270 378 3324 αὐτοῦ
398 3270 503 3325 add.B
572 3275 656 3338 ῦτῆς
675 3267 738 3323 add.
758 3268 903 3350 Kiessling
967 3266 1050 3322 8καὶ
1069 3267 1112 3319 δι-

94 3345 200 3416 καστὴν
210 3374 246 3386 -
254 3340 414 3412 κατήγορον
427 3340 482 3396 del.
493 3340 623 3394 Schnelle
632 3339 729 3393 Exere.
741 3343 802 3421 οτιῖ.
812 3359 840 3409 p.
853 3348 886 3393 14
937 3345 970 3392 15
980 3335 1111 3389 ἀπώσατο

94 3415 115 3471 0
133 3435 205 3474 corr.
224 3411 332 3482 Pflugk
403 3419 437 3467 22
455 3411 533 3485 περὶ]
551 3409 622 3481 ὑπὲρ
643 3428 666 3464 c.
685 3408 814 3464 Hertlem
831 3410 947 3463 Hermes
967 3406 992 3459 X
1009 3407 1062 3458 413

915 3496 951 3549 6*
