2414 3840
432 142 691 216 -Ε-’
877 123 1023 228 =187

43 323 112 410 δίκην
132 326 178 401 είς
201 325 274 411 ίερδι
298 326 432 410 σώματα
449 324 621 408 πρέσβεών
639 348 674 390 τε
693 322 747 390 καὶ
766 306 903 410 δμήρων
919 345 1024 410 παρα-

43 443 128 516 νομεῖν
149 430 186 497 έν
210 432 372 509 σπονδαῖς
394 431 609 517 ἐπεχείρησαν
633 431 668 496 ολ
685 433 820 508 δικαίως
838 428 893 496 ὑπ’
913 430 1024 495 αὐτῶν

43 532 256 615 ἐξελασθέντες·
280 538 363 604 ὅθεν
380 536 549 624 Τυρρηνοὶ
563 535 744 623 Ῥωμαίους
762 535 824 623 μὲν
838 537 1024 603 ἀπολύουσι

43 652 84 710 τῶν
102 643 326 729 ἐγκλημάτων,
353 646 527 732 Ταρκυνίῳ
551 640 589 709 δὲ
611 643 667 710 καὶ
685 647 843 733 Μαμιλίῳ
868 644 1024 710 διαλύον-

43 769 72 816 ἀι
88 753 146 836 την
170 750 297 830 ξενίαν·
321 749 402 834 [καὶ]
426 762 584 836 προεῖπεν
608 751 804 836 αὐθημερὸν
826 749 863 817 έκ
884 760 946 817 τοῦ
967 751 1050 836 xci-⁵

43 879 111 936 ακος
132 856 275 924 ἀπιέναι.
316 858 497 943 Ταρκύνιοι
515 853 577 942 μὲν
600 853 662 922 οὖν
686 857 724 922 έν
742 856 850 922 έλπίσι
868 854 1058 942 χρησταϊς2

43 967 185 1050 ενύμενοι
206 960 417 1050 κατ’·ἀρχύς,
445 964 489 1042 ὡς
511 963 531 1048 ἢ
555 966 819 1050 τυραννήσοντες
843 958 945 1041 αὖθις
966 972 1024 1048 τῆς

42 1071 136 1149 ύλεως
167 1075 350 1157 Τυρρηνῶν
383 1073 479 1155 σφίσι
509 1071 731 1154 βοηθούντων
759 1069 779 1154 ἢ
807 1072 847 1135 τὰ
874 1071 1024 1156 χρήματα

42 1179 241 1263 εμεούμευοι,
266 1179 322 1244 διδ
343 1178 406 1261 τὴν
430 1180 477 1255 είς
498 1180 578 1254 τοὺς
599 1176 753 1263 πρέσβεις
775 1175 830 1243 καὶ
853 1178 894 1242 τδι
916 1177 1024 1263 ὅμηρα
1092 1176 1096 1187 “

42 1286 221 1370 ερανομίαν
244 1281 444 1369 ἀμφοτέρων
467 1285 703 1368 διαμαρτόντες
726 1283 881 1367 ἀπῆλθον
904 1283 940 1348 ἐκ
961 1292 1023 1349 τοῦ
1038 1294 1063 1333 ¹⁰

42 1389 237 1475 τρατοπέδου
256 1392 320 1456 σὺν
339 1392 481 1477 αἰσχύνη
498 1412 534 1456 τε
552 1388 607 1455 καὶ
626 1393 722 1475 μίσει.
759 1389 777 1456 ὁ
797 1387 836 1455 δὲ’
852 1400 920 1455 τῶν
938 1393 1022 1476 Τυρ-
1038 1383 1059 1448 3

42 1506 124 1582 ςνῶν
147 1500 303 1581 βασιλεὺς
324 1498 365 1562 τδι
388 1496 496 1581 ὅμηρα
518 1507 587 1561 τῶν
604 1492 775 1581 Ῥωμαίων
797 1494 851 1562 έπὶ
874 1497 911 1562 τὸ
935 1500 1024 1582 βῆμα

42 1609 224 1690 ροαχθῆναι
245 1604 403 1679 κελεύσας
426 1603 613 1668 ἀποδίδωσι
634 1613 680 1691 τῷ
702 1602 815 1690 ύπύτφ
835 1605 948 1687 είπών,
973 1603 1024 1669 ὅτι

42 1710 115 1795 ίσης
144 1711 300 1796 ὁμηρείας
322 1712 495 1795 κρείττονα
517 1709 645 1793 ἡγεῖται
666 1708 728 1791 τὴν
750 1711 863 1773 πίστιν
885 1717 944 1792 τῆς
965 1710 1025 1774 πό-

42 1840 101 1895 κος.
148 1820 228 1902 μίαν
263 1813 300 1882 δὲ
334 1815 508 1902 παρθένον
541 1816 576 1881 ἐκ
608 1826 676 1880 τῶν
709 1816 858 1902 ὁμήρων,
895 1811 955 1900 ὑφ’
985 1810 1023 1898 ἧς
1039 1823 1064 1864 1⁵

42 1926 218 2007 τείσθησαν
241 1924 279 1988 αλ
298 1921 411 1989 λοιπαλ
431 1922 654 2007 διανήξασθαι
671 1924 731 1989 τὸν
749 1925 909 2007 ποταμόν,
934 1921 1024 1987 ἐπαι-

42 2029 108 2108 ίσας
136 2031 181 2107 ὡς
207 2042 358 2116 κρεῖττον
386 2032 530 2115 ἔχουσαν
561 2032 718 2116 φρόνημα
745 2039 803 2113 τῆς
828 2052 864 2094 τε
892 2030 1025 2114 φύσεως

42 2116 66 2184 ιλ
91 2128 150 2204 τῆς
171 2119 316 2203 ἡλικίας,
344 2116 399 2184 καὶ
422 2119 483 2202 τὴν
506 2121 606 2184 πόλιν
628 2122 812 2206 μακαρίσας
834 2117 888 2185 ἐπὶ
910 2125 955 2206 τῷ
979 2120 1023 2203 μη

42 2227 116 2292 ύνον
139 2227 266 2313 ἄνδρας
284 2226 434 2310 ἀγαθούς
453 2224 635 2311 ἐκτρέφειν,
658 2225 741 2292 ἀλλὰ
759 2224 815 2291 καὶ
832 2224 1025 2312 παρθένους

42 2333 174 2420 υδράσιν
198 2334 323 2419 ὁμοίας,
348 2334 504 2416 δωρεῖται
524 2334 587 2416 τὴν
609 2336 715 2419 κόρην
737 2333 825 2420 ἵππῳ
844 2316 1065 2430 πολεμιστηξὸ

42 2441 175 2526 ιαλύροις
200 2437 435 2528 κεκοσμημένῳ
464 2438 666 2524 διαπρεπέσι.
713 2440 793 2524 μετὰ
820 2435 858 2503 δὲ
884 2439 945 2522 τὴν
974 2438 1024 2504 ἐ-

42 2547 152 2629 λησίαν
180 2548 221 2612 τὰ
247 2544 323 2632 περὶ
349 2555 408 2630 τῆς
434 2549 568 2631 είρηνης
594 2543 650 2611 καλ
678 2548 791 2630 φιλίας
818 2545 914 2631 ὅρκια
941 2545 1025 2630 πρὸς

42 2653 90 2730 οὺς
115 2650 271 2740 πρέσβεις
292 2663 360 2718 τῶν
378 2649 548 2737 Ῥωμαίων
571 2652 795 2737 ποιησάμενος
816 2650 872 2719 καὶ
895 2651 1025 2731 ξενίσας

41 2753 134 2837 θεοὺς
157 2761 248 2844 δῶρα
270 2769 310 2844 τῇ
331 2761 426 2824 πόλει
444 2758 609 2844 φέρεσθαι
628 2760 748 2825 δίδωσι
764 2761 843 2836 τοὺς
861 2761 1025 2844 αἰχμαλώ-

41 2880 90 2943 ους
116 2867 263 2944 ἅπαντας
290 2868 372 2932 ἄνευ
395 2867 527 2952 λύτρεον
550 2868 694 2950 συχνοὺς
716 2865 805 2931 πάνυ
829 2866 942 2951 ὄντας,
969 2863 1025 2931 καὶ
1039 2887 1066 2927 ει

41 2964 50 3026 ’)
68 2975 203 3058 χορίον,
222 2971 259 3038 έν
274 2963 300 3060 ᾦ
314 2972 682 3058 κατεστρατοπεδευκὼς
695 2967 748 3056 ἦν,
767 2971 1026 3057 κατεσκευασμέ-

41 3093 78 3140 >v
108 3080 169 3165 οὐχ
202 3080 247 3156 ὡς
278 3080 504 3165 στρατόπεδον
541 3079 578 3144 ἐν
608 3075 686 3165 ξένη
718 3087 760 3164 γῇ
793 3080 877 3166 πρὸς
909 3078 1025 3162 ὀλίγον

87 3207 102 3255 3
121 3197 319 3269 ἐξελασθέντες
341 3201 390 3254 Bas
425 3196 606 3268 ἐξελαθέντες
623 3202 649 3255 R
676 3200 752 3268 quod
776 3200 830 3255 def.
851 3199 939 3254 Cobet
958 3198 1024 3253 Obs.

62 3277 114 3327 100
166 3278 182 3327 5
202 3271 251 3327 καλ
269 3272 322 3328 del.
342 3273 487 3327 Meutzner
505 3273 523 3327 l.
542 3272 561 3327 l.
579 3277 583 3342 ξ
598 3277 736 3342 προεῖπον
755 3271 777 3326 0
814 3276 949 3342 προεῖπεν
964 3268 1025 3322 Sin-

41 3340 91 3396 nis
107 3343 166 3401 Em.
185 3342 267 3398 Dion.
283 3344 357 3398 1120
423 3352 454 3398 11
475 3344 555 3414 μίσει
579 3361 602 3398 ο.
626 3342 730 3398 Reiske
787 3349 819 3397 10
839 3337 1025 3399 ..επαινέσας

111 3421 143 3472 18
161 3415 213 3488 τῷ]
232 3415 263 3469 τδ
282 3415 305 3468 Β
377 3418 411 3468 25
430 3412 689 3485 κατεσκευασμένον
708 3413 772 3468 add.
791 3413 815 3466 B
