<?xml version="1.0" encoding="UTF-8"?>
<!DOCTYPE html PUBLIC "-//W3C//DTD XHTML 1.0 Transitional//EN"
    "http://www.w3.org/TR/xhtml1/DTD/xhtml1-transitional.dtd">
<html xmlns="http://www.w3.org/1999/xhtml" xml:lang="en" lang="en">
 <head>
  <title>
</title>
<meta http-equiv="Content-Type" content="text/html;charset=utf-8" />
  <meta name='ocr-system' content='tesseract 3.04.00' />
  <meta name='ocr-capabilities' content='ocr_page ocr_carea ocr_par ocr_line ocrx_word'/>
</head>
<body>
  <div class='ocr_page' id='page_1' title='image "./dionysihalicarn02diongoog_0111.png"; bbox 0 0 2414 3840; ppageno 0'>
   <div class='ocr_carea' id='block_1_1' title="bbox 95 195 681 259">
    <p class='ocr_par' dir='ltr' id='par_1_1' title="bbox 95 195 681 259">
     <span class='ocr_line' id='line_1_1' title="bbox 95 195 681 259; baseline 0 -1"><span class='ocrx_word' id='word_1_1' title='bbox 95 195 159 259; x_wconf 87' lang='lat'><strong><em>100</em></strong></span> <span class='ocrx_word' id='word_1_2' title='bbox 518 198 681 244; x_wconf 80' lang='grc' dir='ltr'><strong><em>-Λ-</em></strong></span> 
     </span>
    </p>
   </div>
   <div class='ocr_carea' id='block_1_2' title="bbox 57 351 1151 3097">
    <p class='ocr_par' dir='ltr' id='par_1_2' title="bbox 94 351 1110 440">
     <span class='ocr_line' id='line_1_2' title="bbox 94 351 1110 440; baseline -0.004 -19"><span class='ocrx_word' id='word_1_3' title='bbox 94 366 164 432; x_wconf 88' lang='grc' dir='ltr'><strong><em>τοῖς</em></strong></span> <span class='ocrx_word' id='word_1_4' title='bbox 196 354 356 440; x_wconf 78' lang='grc' dir='ltr'><strong><em>ἐμψύχοις</em></strong></span> <span class='ocrx_word' id='word_1_5' title='bbox 388 355 506 438; x_wconf 86' lang='grc' dir='ltr'><strong><em>όμοιον</em></strong></span> <span class='ocrx_word' id='word_1_6' title='bbox 537 352 592 419; x_wconf 83' lang='grc' dir='ltr'><strong><em>καὶ</em></strong></span> <span class='ocrx_word' id='word_1_7' title='bbox 619 353 656 418; x_wconf 91' lang='grc' dir='ltr'><strong><em>τὸ</em></strong></span> <span class='ocrx_word' id='word_1_8' title='bbox 684 355 957 438; x_wconf 78' lang='grc' dir='ltr'><strong><em>καταφερόμενον</em></strong></span> <span class='ocrx_word' id='word_1_9' title='bbox 985 351 1022 418; x_wconf 88' lang='grc' dir='ltr'><strong><em>ἐκ</em></strong></span> <span class='ocrx_word' id='word_1_10' title='bbox 1049 360 1110 436; x_wconf 83' lang='grc' dir='ltr'><strong><em>τῆς</em></strong></span> 
     </span>
    </p>

    <p class='ocr_par' dir='ltr' id='par_1_3' title="bbox 60 453 1111 757">
     <span class='ocr_line' id='line_1_3' title="bbox 60 453 1111 546; baseline -0.003 -19"><span class='ocrx_word' id='word_1_11' title='bbox 60 470 80 533; x_wconf 89' lang='grc'>3</span> <span class='ocrx_word' id='word_1_12' title='bbox 95 462 261 546; x_wconf 80' lang='grc' dir='ltr'><strong><em>ἀποτομῆς</em></strong></span> <span class='ocrx_word' id='word_1_13' title='bbox 284 453 364 546; x_wconf 89' lang='grc' dir='ltr'><strong><em>αἷμα</em></strong></span> <span class='ocrx_word' id='word_1_14' title='bbox 387 462 517 545; x_wconf 89' lang='grc' dir='ltr'><strong><em>θερμὸν</em></strong></span> <span class='ocrx_word' id='word_1_15' title='bbox 535 462 583 526; x_wconf 89' lang='grc' dir='ltr'><strong><em>ἐτι</em></strong></span> <span class='ocrx_word' id='word_1_16' title='bbox 600 458 655 526; x_wconf 82' lang='grc' dir='ltr'><strong><em>καὶ</em></strong></span> <span class='ocrx_word' id='word_1_17' title='bbox 673 462 806 546; x_wconf 89' lang='grc' dir='ltr'><strong><em>νεαρόν.</em></strong></span> <span class='ocrx_word' id='word_1_18' title='bbox 836 466 936 524; x_wconf 81' lang='grc' dir='ltr'><strong><em>τοῦτο</em></strong></span> <span class='ocrx_word' id='word_1_19' title='bbox 954 459 992 523; x_wconf 89' lang='grc' dir='ltr'><strong><em>τὸ</em></strong></span> <span class='ocrx_word' id='word_1_20' title='bbox 1010 456 1111 543; x_wconf 92' lang='grc' dir='ltr'><strong><em>τέρας</em></strong></span> 
     </span>
     <span class='ocr_line' id='line_1_4' title="bbox 96 562 1110 653; baseline -0.002 -20"><span class='ocrx_word' id='word_1_21' title='bbox 96 568 179 633; x_wconf 83' lang='grc' dir='ltr'><strong><em>ἰδὼν</em></strong></span> <span class='ocrx_word' id='word_1_22' title='bbox 209 566 228 633; x_wconf 86' lang='grc' dir='ltr'><strong><em>ό</em></strong></span> <span class='ocrx_word' id='word_1_23' title='bbox 258 568 444 653; x_wconf 90' lang='grc' dir='ltr'><strong><em>Ταρκύνιος</em></strong></span> <span class='ocrx_word' id='word_1_24' title='bbox 472 575 533 631; x_wconf 86' lang='grc' dir='ltr'><strong><em>τοῦ</em></strong></span> <span class='ocrx_word' id='word_1_25' title='bbox 563 562 623 650; x_wconf 72' lang='grc' dir='ltr'><strong><em>μέν</em></strong></span> <span class='ocrx_word' id='word_1_26' title='bbox 654 565 839 652; x_wconf 77' lang='grc' dir='ltr'><strong><em>ὀρύγματος</em></strong></span> <span class='ocrx_word' id='word_1_27' title='bbox 865 564 1013 649; x_wconf 87' lang='grc' dir='ltr'><strong><em>ἐπισχεῖν</em></strong></span> <span class='ocrx_word' id='word_1_28' title='bbox 1041 562 1110 631; x_wconf 83' lang='grc' dir='ltr'><strong><em>ἐκέ-</em></strong></span> 
     </span>
     <span class='ocr_line' id='line_1_5' title="bbox 96 667 1110 757; baseline -0.004 -17"><span class='ocrx_word' id='word_1_29' title='bbox 96 679 193 740; x_wconf 86' lang='grc' dir='ltr'><strong><em>λευσε</em></strong></span> <span class='ocrx_word' id='word_1_30' title='bbox 224 674 302 750; x_wconf 85' lang='grc' dir='ltr'><strong><em>τοὺς</em></strong></span> <span class='ocrx_word' id='word_1_31' title='bbox 334 670 587 757; x_wconf 78' lang='grc' dir='ltr'><strong><em>ἐργαζομένους·</em></strong></span> <span class='ocrx_word' id='word_1_32' title='bbox 628 669 833 754; x_wconf 80' lang='grc' dir='ltr'><strong><em>συγκαλέσας</em></strong></span> <span class='ocrx_word' id='word_1_33' title='bbox 864 667 901 736; x_wconf 74' lang='grc' dir='ltr'><strong><em>δέ</em></strong></span> <span class='ocrx_word' id='word_1_34' title='bbox 932 671 1012 746; x_wconf 82' lang='grc' dir='ltr'><strong><em>τοὺς</em></strong></span> <span class='ocrx_word' id='word_1_35' title='bbox 1041 669 1110 736; x_wconf 87' lang='grc' dir='ltr'><strong><em>ἐπι-</em></strong></span> 
     </span>
    </p>

    <p class='ocr_par' dir='ltr' id='par_1_4' title="bbox 61 775 1114 1291">
     <span class='ocr_line' id='line_1_6' title="bbox 61 775 1110 866; baseline 0.001 -23"><span class='ocrx_word' id='word_1_36' title='bbox 61 803 82 856; x_wconf 78' lang='grc' dir='ltr'><strong><em>ιο</em></strong></span> <span class='ocrx_word' id='word_1_37' title='bbox 96 782 239 866; x_wconf 90' lang='grc' dir='ltr'><strong><em>χωρίους</em></strong></span> <span class='ocrx_word' id='word_1_38' title='bbox 261 779 394 864; x_wconf 80' lang='grc' dir='ltr'><strong><em>μάντεις</em></strong></span> <span class='ocrx_word' id='word_1_39' title='bbox 416 778 624 844; x_wconf 88' lang='grc' dir='ltr'><strong><em>ἐπυνθάνετο</em></strong></span> <span class='ocrx_word' id='word_1_40' title='bbox 647 775 725 861; x_wconf 89' lang='grc' dir='ltr'><strong><em>παρ’</em></strong></span> <span class='ocrx_word' id='word_1_41' title='bbox 749 778 875 861; x_wconf 84' lang='grc' dir='ltr'><strong><em>αὐτῶν,</em></strong></span> <span class='ocrx_word' id='word_1_42' title='bbox 898 778 933 842; x_wconf 91' lang='grc' dir='ltr'><strong><em>τί</em></strong></span> <span class='ocrx_word' id='word_1_43' title='bbox 951 778 1110 861; x_wconf 84' lang='grc' dir='ltr'><strong><em>βούλεται</em></strong></span> 
     </span>
     <span class='ocr_line' id='line_1_7' title="bbox 97 881 1110 971; baseline -0.001 -20"><span class='ocrx_word' id='word_1_44' title='bbox 97 889 273 971; x_wconf 82' lang='grc' dir='ltr'><strong><em>σημαίνειν</em></strong></span> <span class='ocrx_word' id='word_1_45' title='bbox 295 887 332 950; x_wconf 89' lang='grc' dir='ltr'><strong><em>τὸ</em></strong></span> <span class='ocrx_word' id='word_1_46' title='bbox 356 882 461 971; x_wconf 89' lang='grc' dir='ltr'><strong><em>τέρας.</em></strong></span> <span class='ocrx_word' id='word_1_47' title='bbox 503 881 604 950; x_wconf 74' lang='grc' dir='ltr'><strong><em>οὐδὲν</em></strong></span> <span class='ocrx_word' id='word_1_48' title='bbox 627 882 660 949; x_wconf 93' lang='grc' dir='ltr'><strong><em>δ’</em></strong></span> <span class='ocrx_word' id='word_1_49' title='bbox 686 882 796 949; x_wconf 81' lang='grc' dir='ltr'><strong><em>αὐτῶν</em></strong></span> <span class='ocrx_word' id='word_1_50' title='bbox 815 881 1110 968; x_wconf 79' lang='grc' dir='ltr'><strong><em>ἀποφαινομένων,</em></strong></span> 
     </span>
     <span class='ocr_line' id='line_1_8' title="bbox 97 988 1111 1079; baseline -0.001 -21"><span class='ocrx_word' id='word_1_51' title='bbox 97 993 181 1058; x_wconf 86' lang='grc' dir='ltr'><strong><em>ἀλλά</em></strong></span> <span class='ocrx_word' id='word_1_52' title='bbox 206 997 393 1079; x_wconf 82' lang='grc' dir='ltr'><strong><em>Τυρρηνοῖς</em></strong></span> <span class='ocrx_word' id='word_1_53' title='bbox 420 991 651 1057; x_wconf 74' lang='grc' dir='ltr'><strong><em>ἀποδιδόντων</em></strong></span> <span class='ocrx_word' id='word_1_54' title='bbox 672 991 734 1075; x_wconf 79' lang='grc' dir='ltr'><strong><em>τὴν</em></strong></span> <span class='ocrx_word' id='word_1_55' title='bbox 757 988 833 1077; x_wconf 82' lang='grc' dir='ltr'><strong><em>περὶ</em></strong></span> <span class='ocrx_word' id='word_1_56' title='bbox 853 1000 922 1055; x_wconf 82' lang='grc' dir='ltr'><strong><em>τῶν</em></strong></span> <span class='ocrx_word' id='word_1_57' title='bbox 943 991 1111 1057; x_wconf 89' lang='grc' dir='ltr'><strong><em>τοιούτων</em></strong></span> 
     </span>
     <span class='ocr_line' id='line_1_9' title="bbox 97 1095 1113 1183; baseline -0.002 -19"><span class='ocrx_word' id='word_1_58' title='bbox 97 1099 279 1183; x_wconf 81' lang='grc' dir='ltr'><strong><em>ἐπιστήμην</em></strong></span> <span class='ocrx_word' id='word_1_59' title='bbox 306 1097 459 1176; x_wconf 77' lang='grc' dir='ltr'><strong><em>ἐξετάσας</em></strong></span> <span class='ocrx_word' id='word_1_60' title='bbox 485 1095 562 1183; x_wconf 87' lang='grc' dir='ltr'><strong><em>παρ’</em></strong></span> <span class='ocrx_word' id='word_1_61' title='bbox 585 1096 695 1162; x_wconf 85' lang='grc' dir='ltr'><strong><em>αὐτῶν</em></strong></span> <span class='ocrx_word' id='word_1_62' title='bbox 722 1095 778 1162; x_wconf 82' lang='grc' dir='ltr'><strong><em>καὶ</em></strong></span> <span class='ocrx_word' id='word_1_63' title='bbox 805 1098 926 1182; x_wconf 86' lang='grc' dir='ltr'><strong><em>μαθὼν</em></strong></span> <span class='ocrx_word' id='word_1_64' title='bbox 952 1098 1013 1163; x_wconf 87' lang='grc' dir='ltr'><strong><em>τὸν</em></strong></span> <span class='ocrx_word' id='word_1_65' title='bbox 1042 1096 1113 1163; x_wconf 91' lang='grc' dir='ltr'><strong><em>ἐπι-</em></strong></span> 
     </span>
     <span class='ocr_line' id='line_1_10' title="bbox 97 1203 1114 1291; baseline -0.001 -21"><span class='ocrx_word' id='word_1_66' title='bbox 97 1203 306 1291; x_wconf 88' lang='grc' dir='ltr'><strong><em>φανέστατον</em></strong></span> <span class='ocrx_word' id='word_1_67' title='bbox 337 1215 405 1269; x_wconf 83' lang='grc' dir='ltr'><strong><em>τῶν</em></strong></span> <span class='ocrx_word' id='word_1_68' title='bbox 432 1203 469 1269; x_wconf 92' lang='grc' dir='ltr'><strong><em>ἐν</em></strong></span> <span class='ocrx_word' id='word_1_69' title='bbox 500 1208 687 1290; x_wconf 78' lang='grc' dir='ltr'><strong><em>Τυρρηνοῖς</em></strong></span> <span class='ocrx_word' id='word_1_70' title='bbox 718 1206 985 1290; x_wconf 90' lang='grc' dir='ltr'><strong><em>τερατοσκόπων,</em></strong></span> <span class='ocrx_word' id='word_1_71' title='bbox 1019 1203 1114 1281; x_wconf 85' lang='grc' dir='ltr'><strong><em>ὅστις</em></strong></span> 
     </span>
    </p>

    <p class='ocr_par' dir='ltr' id='par_1_5' title="bbox 57 1307 1115 1501">
     <span class='ocr_line' id='line_1_11' title="bbox 57 1307 1115 1395; baseline -0.001 -20"><span class='ocrx_word' id='word_1_72' title='bbox 57 1307 155 1395; x_wconf 77' lang='grc' dir='ltr'><strong><em>ωῇν,</em></strong></span> <span class='ocrx_word' id='word_1_73' title='bbox 187 1307 306 1395; x_wconf 84' lang='grc' dir='ltr'><strong><em>πέμπει</em></strong></span> <span class='ocrx_word' id='word_1_74' title='bbox 336 1319 404 1375; x_wconf 82' lang='grc' dir='ltr'><strong><em>τῶν</em></strong></span> <span class='ocrx_word' id='word_1_75' title='bbox 435 1309 545 1375; x_wconf 78' lang='grc' dir='ltr'><strong><em>ἀστῶν</em></strong></span> <span class='ocrx_word' id='word_1_76' title='bbox 576 1312 655 1387; x_wconf 84' lang='grc' dir='ltr'><strong><em>τοὺς</em></strong></span> <span class='ocrx_word' id='word_1_77' title='bbox 684 1308 929 1394; x_wconf 76' lang='grc' dir='ltr'><strong><em>δοκιμωτάτους</em></strong></span> <span class='ocrx_word' id='word_1_78' title='bbox 955 1307 1115 1393; x_wconf 83' lang='grc' dir='ltr'><strong><em>πρέσβεις</em></strong></span> 
     </span>
     <span class='ocr_line' id='line_1_12' title="bbox 97 1416 313 1501; baseline -0.009 -19"><span class='ocrx_word' id='word_1_79' title='bbox 97 1417 180 1501; x_wconf 88' lang='grc' dir='ltr'><strong><em>πρὸς</em></strong></span> <span class='ocrx_word' id='word_1_80' title='bbox 202 1416 313 1482; x_wconf 84' lang='grc' dir='ltr'><strong><em>αὐτόν.</em></strong></span> 
     </span>
    </p>

    <p class='ocr_par' dir='ltr' id='par_1_6' title="bbox 98 1521 1151 1825">
     <span class='ocr_line' id='line_1_13' title="bbox 165 1521 1151 1610; baseline 0.003 -24"><span class='ocrx_word' id='word_1_81' title='bbox 165 1522 232 1587; x_wconf 87' lang='lat' dir='ltr'><strong><em>LX.</em></strong></span> <span class='ocrx_word' id='word_1_82' title='bbox 272 1523 411 1600; x_wconf 84' lang='grc' dir='ltr'><strong><em>Τούτοις</em></strong></span> <span class='ocrx_word' id='word_1_83' title='bbox 442 1531 513 1600; x_wconf 87' lang='grc' dir='ltr'><strong><em>τοῖς</em></strong></span> <span class='ocrx_word' id='word_1_84' title='bbox 539 1521 704 1610; x_wconf 90' lang='grc' dir='ltr'><strong><em>ἀνδράσιν</em></strong></span> <span class='ocrx_word' id='word_1_85' title='bbox 730 1521 946 1608; x_wconf 87' lang='grc' dir='ltr'><strong><em>ἀφικομένοις</em></strong></span> <span class='ocrx_word' id='word_1_86' title='bbox 972 1523 1022 1600; x_wconf 86' lang='grc' dir='ltr'><strong><em>είς</em></strong></span> <span class='ocrx_word' id='word_1_87' title='bbox 1049 1525 1151 1608; x_wconf 73' lang='grc' dir='ltr'><strong><em>τὴνῖε</em></strong></span> 
     </span>
     <span class='ocr_line' id='line_1_14' title="bbox 98 1628 1116 1716; baseline 0.002 -22"><span class='ocrx_word' id='word_1_88' title='bbox 98 1630 207 1694; x_wconf 88' lang='grc' dir='ltr'><strong><em>οίκίαν</em></strong></span> <span class='ocrx_word' id='word_1_89' title='bbox 244 1636 305 1694; x_wconf 86' lang='grc' dir='ltr'><strong><em>τού</em></strong></span> <span class='ocrx_word' id='word_1_90' title='bbox 335 1631 580 1715; x_wconf 87' lang='grc' dir='ltr'><strong><em>τερατοσκόπου</em></strong></span> <span class='ocrx_word' id='word_1_91' title='bbox 612 1628 843 1716; x_wconf 83' lang='grc' dir='ltr'><strong><em>περιτυγχάνει</em></strong></span> <span class='ocrx_word' id='word_1_92' title='bbox 873 1652 906 1694; x_wconf 94' lang='grc' dir='ltr'><strong><em>τι</em></strong></span> <span class='ocrx_word' id='word_1_93' title='bbox 938 1629 1116 1715; x_wconf 84' lang='grc' dir='ltr'><strong><em>μειράκων</em></strong></span> 
     </span>
     <span class='ocr_line' id='line_1_15' title="bbox 98 1726 1116 1825; baseline 0.001 -24"><span class='ocrx_word' id='word_1_94' title='bbox 98 1733 201 1819; x_wconf 86' lang='grc' dir='ltr'><strong><em>ἐξιόν,</em></strong></span> <span class='ocrx_word' id='word_1_95' title='bbox 234 1726 260 1823; x_wconf 75' lang='grc' dir='ltr'><em>ᾧ</em></span> <span class='ocrx_word' id='word_1_96' title='bbox 289 1735 491 1821; x_wconf 84' lang='grc' dir='ltr'><strong><em>φράσαντες,</em></strong></span> <span class='ocrx_word' id='word_1_97' title='bbox 524 1736 575 1801; x_wconf 84' lang='grc' dir='ltr'><strong><em>ὅτι</em></strong></span> <span class='ocrx_word' id='word_1_98' title='bbox 596 1731 769 1820; x_wconf 84' lang='grc' dir='ltr'><strong><em>Ῥωμαίων</em></strong></span> <span class='ocrx_word' id='word_1_99' title='bbox 796 1732 861 1800; x_wconf 82' lang='grc' dir='ltr'><strong><em>εἰσὶ</em></strong></span> <span class='ocrx_word' id='word_1_100' title='bbox 887 1732 1044 1821; x_wconf 84' lang='grc' dir='ltr'><strong><em>πρέσβεις</em></strong></span> <span class='ocrx_word' id='word_1_101' title='bbox 1066 1745 1116 1825; x_wconf 73' lang='grc' dir='ltr'><strong><em>τῷ</em></strong></span> 
     </span>
    </p>

    <p class='ocr_par' dir='ltr' id='par_1_7' title="bbox 60 1839 1119 3097">
     <span class='ocr_line' id='line_1_16' title="bbox 60 1839 1117 1928; baseline 0.004 -25"><span class='ocrx_word' id='word_1_102' title='bbox 60 1864 86 1904; x_wconf 82' lang='grc' dir='ltr'><strong><em>ιε</em></strong></span> <span class='ocrx_word' id='word_1_103' title='bbox 101 1843 216 1927; x_wconf 89' lang='grc' dir='ltr'><strong><em>μάντει</em></strong></span> <span class='ocrx_word' id='word_1_104' title='bbox 243 1843 444 1926; x_wconf 86' lang='grc' dir='ltr'><strong><em>βουλόμενοι</em></strong></span> <span class='ocrx_word' id='word_1_105' title='bbox 467 1853 659 1927; x_wconf 89' lang='grc' dir='ltr'><strong><em>συντυχεῖν,</em></strong></span> <span class='ocrx_word' id='word_1_106' title='bbox 682 1839 892 1928; x_wconf 79' lang='grc' dir='ltr'><strong><em>παρεκάλουν</em></strong></span> <span class='ocrx_word' id='word_1_107' title='bbox 915 1841 1117 1926; x_wconf 92' lang='grc' dir='ltr'><strong><em>ἀπαγγεῖλαι</em></strong></span> 
     </span>
     <span class='ocr_line' id='line_1_17' title="bbox 98 1944 1117 2034; baseline 0.003 -22"><span class='ocrx_word' id='word_1_108' title='bbox 98 1948 181 2032; x_wconf 90' lang='grc' dir='ltr'><strong><em>πρὸς</em></strong></span> <span class='ocrx_word' id='word_1_109' title='bbox 199 1947 310 2012; x_wconf 88' lang='grc' dir='ltr'><strong><em>αὐτόν.</em></strong></span> <span class='ocrx_word' id='word_1_110' title='bbox 346 1944 401 2012; x_wconf 81' lang='grc' dir='ltr'><strong><em>καὶ</em></strong></span> <span class='ocrx_word' id='word_1_111' title='bbox 420 1947 438 2012; x_wconf 88' lang='grc' dir='ltr'><strong><em>δ</em></strong></span> <span class='ocrx_word' id='word_1_112' title='bbox 456 1950 601 2030; x_wconf 91' lang='grc' dir='ltr'><strong><em>νεανίας,</em></strong></span> <span class='ocrx_word' id='word_1_113' title='bbox 622 1949 739 2031; x_wconf 79' lang='grc' dir='ltr'><strong><em>Πατὴρ</em></strong></span> <span class='ocrx_word' id='word_1_114' title='bbox 758 1946 835 2032; x_wconf 90' lang='grc' dir='ltr'><strong><em>ἐμός</em></strong></span> <span class='ocrx_word' id='word_1_115' title='bbox 853 1946 955 2031; x_wconf 92' lang='grc' dir='ltr'><strong><em>ἐστιν,</em></strong></span> <span class='ocrx_word' id='word_1_116' title='bbox 974 1951 1117 2034; x_wconf 82' lang='grc' dir='ltr'><strong><em>ἔφησεν,</em></strong></span> 
     </span>
     <span class='ocr_line' id='line_1_18' title="bbox 99 2046 1117 2143; baseline 0.002 -24"><span class='ocrx_word' id='word_1_117' title='bbox 99 2046 125 2143; x_wconf 74' lang='grc' dir='ltr'><em>ᾧ</em></span> <span class='ocrx_word' id='word_1_118' title='bbox 154 2052 285 2140; x_wconf 79' lang='grc' dir='ltr'><strong><em>χρῄζετε</em></strong></span> <span class='ocrx_word' id='word_1_119' title='bbox 314 2063 504 2138; x_wconf 88' lang='grc' dir='ltr'><strong><em>συντυχεῖν·</em></strong></span> <span class='ocrx_word' id='word_1_120' title='bbox 542 2053 728 2139; x_wconf 81' lang='grc' dir='ltr'><strong><em>ἀσχολεῖται</em></strong></span> <span class='ocrx_word' id='word_1_121' title='bbox 756 2050 793 2119; x_wconf 78' lang='grc' dir='ltr'><strong><em>δέ</em></strong></span> <span class='ocrx_word' id='word_1_122' title='bbox 820 2055 902 2119; x_wconf 87' lang='grc' dir='ltr'><strong><em>κατά</em></strong></span> <span class='ocrx_word' id='word_1_123' title='bbox 928 2054 966 2120; x_wconf 88' lang='grc' dir='ltr'><strong><em>τὸ</em></strong></span> <span class='ocrx_word' id='word_1_124' title='bbox 988 2058 1117 2140; x_wconf 92' lang='grc' dir='ltr'><strong><em>παρόν·</em></strong></span> 
     </span>
     <span class='ocr_line' id='line_1_19' title="bbox 99 2156 1118 2247; baseline 0.003 -21"><span class='ocrx_word' id='word_1_125' title='bbox 99 2163 191 2226; x_wconf 78' lang='grc' dir='ltr'><strong><em>ἔσται</em></strong></span> <span class='ocrx_word' id='word_1_126' title='bbox 219 2156 251 2225; x_wconf 79' lang='grc' dir='ltr'><strong><em>δ’</em></strong></span> <span class='ocrx_word' id='word_1_127' title='bbox 272 2160 353 2245; x_wconf 86' lang='grc' dir='ltr'><strong><em>ὑμῖν</em></strong></span> <span class='ocrx_word' id='word_1_128' title='bbox 381 2160 497 2244; x_wconf 91' lang='grc' dir='ltr'><strong><em>ὀλίγον</em></strong></span> <span class='ocrx_word' id='word_1_129' title='bbox 527 2163 652 2245; x_wconf 90' lang='grc' dir='ltr'><strong><em>χρόνου</em></strong></span> <span class='ocrx_word' id='word_1_130' title='bbox 679 2165 862 2245; x_wconf 81' lang='grc' dir='ltr'><strong><em>παρελθεῖν</em></strong></span> <span class='ocrx_word' id='word_1_131' title='bbox 889 2162 972 2247; x_wconf 87' lang='grc' dir='ltr'><strong><em>πρὸς</em></strong></span> <span class='ocrx_word' id='word_1_132' title='bbox 998 2161 1118 2229; x_wconf 85' lang='grc' dir='ltr'><strong><em>αὐτόν.</em></strong></span> 
     </span>
     <span class='ocr_line' id='line_1_20' title="bbox 66 2259 1119 2356; baseline 0 -22"><span class='ocrx_word' id='word_1_133' title='bbox 66 2267 139 2336; x_wconf 79' lang='grc' dir='ltr'><strong><em>2ἐν</em></strong></span> <span class='ocrx_word' id='word_1_134' title='bbox 161 2259 188 2356; x_wconf 75' lang='grc' dir='ltr'><em>ᾧ</em></span> <span class='ocrx_word' id='word_1_135' title='bbox 213 2265 244 2332; x_wconf 87' lang='grc' dir='ltr'><strong><em>δ’</em></strong></span> <span class='ocrx_word' id='word_1_136' title='bbox 267 2267 396 2333; x_wconf 88' lang='grc' dir='ltr'><strong><em>ἐκεῖνον</em></strong></span> <span class='ocrx_word' id='word_1_137' title='bbox 420 2264 610 2351; x_wconf 89' lang='grc' dir='ltr'><strong><em>ἐκδέχεσθε,</em></strong></span> <span class='ocrx_word' id='word_1_138' title='bbox 639 2268 721 2353; x_wconf 84' lang='grc' dir='ltr'><strong><em>πρὸς</em></strong></span> <span class='ocrx_word' id='word_1_139' title='bbox 744 2263 801 2350; x_wconf 76' lang='grc' dir='ltr'><strong><em>ἐμὲ</em></strong></span> <span class='ocrx_word' id='word_1_140' title='bbox 824 2267 1008 2350; x_wconf 85' lang='grc' dir='ltr'><strong><em>δηλώσατε,</em></strong></span> <span class='ocrx_word' id='word_1_141' title='bbox 1038 2267 1119 2354; x_wconf 82' lang='grc' dir='ltr'><strong><em>περὶ</em></strong></span> 
     </span>
     <span class='ocr_line' id='line_1_21' title="bbox 63 2371 1119 2459; baseline 0.003 -23"><span class='ocrx_word' id='word_1_142' title='bbox 63 2378 192 2452; x_wconf 79' lang='grc' dir='ltr'><strong><em>εοτίνος</em></strong></span> <span class='ocrx_word' id='word_1_143' title='bbox 222 2375 324 2458; x_wconf 71' lang='grc' dir='ltr'><strong><em>ἥκετε.</em></strong></span> <span class='ocrx_word' id='word_1_144' title='bbox 369 2373 537 2459; x_wconf 81' lang='grc' dir='ltr'><strong><em>περιέσται</em></strong></span> <span class='ocrx_word' id='word_1_145' title='bbox 568 2372 633 2458; x_wconf 85' lang='grc' dir='ltr'><strong><em>γάρ</em></strong></span> <span class='ocrx_word' id='word_1_146' title='bbox 659 2371 755 2456; x_wconf 86' lang='grc' dir='ltr'><strong><em>ὑμῖν,</em></strong></span> <span class='ocrx_word' id='word_1_147' title='bbox 785 2377 819 2437; x_wconf 85' lang='grc' dir='ltr'><strong><em>εί</em></strong></span> <span class='ocrx_word' id='word_1_148' title='bbox 840 2395 873 2437; x_wconf 95' lang='grc' dir='ltr'><strong><em>τι</em></strong></span> <span class='ocrx_word' id='word_1_149' title='bbox 900 2371 1035 2457; x_wconf 84' lang='grc' dir='ltr'><strong><em>μέλλετε</em></strong></span> <span class='ocrx_word' id='word_1_150' title='bbox 1059 2374 1119 2439; x_wconf 81' lang='grc' dir='ltr'><strong><em>διὰ</em></strong></span> 
     </span>
     <span class='ocr_line' id='line_1_22' title="bbox 102 2475 1119 2566; baseline 0 -21"><span class='ocrx_word' id='word_1_151' title='bbox 102 2482 162 2564; x_wconf 82' lang='grc' dir='ltr'><strong><em>τὴν</em></strong></span> <span class='ocrx_word' id='word_1_152' title='bbox 182 2479 335 2566; x_wconf 85' lang='grc' dir='ltr'><strong><em>ἀπειρίαν</em></strong></span> <span class='ocrx_word' id='word_1_153' title='bbox 354 2480 565 2563; x_wconf 87' lang='grc' dir='ltr'><strong><em>σφάλλεσθαι</em></strong></span> <span class='ocrx_word' id='word_1_154' title='bbox 582 2479 665 2544; x_wconf 82' lang='grc' dir='ltr'><strong><em>κατά</em></strong></span> <span class='ocrx_word' id='word_1_155' title='bbox 681 2479 743 2561; x_wconf 81' lang='grc' dir='ltr'><strong><em>τὴν</em></strong></span> <span class='ocrx_word' id='word_1_156' title='bbox 762 2477 934 2562; x_wconf 84' lang='grc' dir='ltr'><strong><em>ἐρώτησιν,</em></strong></span> <span class='ocrx_word' id='word_1_157' title='bbox 957 2475 1014 2544; x_wconf 81' lang='grc' dir='ltr'><strong><em>ὑπ’</em></strong></span> <span class='ocrx_word' id='word_1_158' title='bbox 1033 2479 1119 2564; x_wconf 84' lang='grc' dir='ltr'><strong><em>ἐμοῦ</em></strong></span> 
     </span>
     <span class='ocr_line' id='line_1_23' title="bbox 104 2578 1119 2670; baseline -0.001 -19"><span class='ocrx_word' id='word_1_159' title='bbox 104 2587 294 2670; x_wconf 77' lang='grc' dir='ltr'><strong><em>διδαχθεῖσι</em></strong></span> <span class='ocrx_word' id='word_1_160' title='bbox 322 2582 427 2669; x_wconf 72' lang='grc' dir='ltr'><strong><em>μηδὲν</em></strong></span> <span class='ocrx_word' id='word_1_161' title='bbox 455 2584 662 2669; x_wconf 87' lang='grc' dir='ltr'><strong><em>ἐξαμαρτεῖν·</em></strong></span> <span class='ocrx_word' id='word_1_162' title='bbox 699 2594 799 2670; x_wconf 90' lang='grc' dir='ltr'><strong><em>μοῖρα</em></strong></span> <span class='ocrx_word' id='word_1_163' title='bbox 823 2578 854 2649; x_wconf 85' lang='grc' dir='ltr'><strong><em>δ’</em></strong></span> <span class='ocrx_word' id='word_1_164' title='bbox 876 2584 939 2650; x_wconf 85' lang='grc' dir='ltr'><strong><em>οὐκ</em></strong></span> <span class='ocrx_word' id='word_1_165' title='bbox 961 2584 1119 2670; x_wconf 83' lang='grc' dir='ltr'><strong><em>ἐλαχίστη</em></strong></span> 
     </span>
     <span class='ocr_line' id='line_1_24' title="bbox 103 2689 1119 2775; baseline 0 -19"><span class='ocrx_word' id='word_1_166' title='bbox 103 2703 170 2757; x_wconf 86' lang='grc' dir='ltr'><strong><em>τῶν</em></strong></span> <span class='ocrx_word' id='word_1_167' title='bbox 198 2689 235 2755; x_wconf 87' lang='grc' dir='ltr'><strong><em>ἐν</em></strong></span> <span class='ocrx_word' id='word_1_168' title='bbox 263 2697 403 2774; x_wconf 73' lang='grc' dir='ltr'><strong><em>μαντικῇ</em></strong></span> <span class='ocrx_word' id='word_1_169' title='bbox 430 2690 659 2775; x_wconf 80' lang='grc' dir='ltr'><strong><em>θεωρημάτων</em></strong></span> <span class='ocrx_word' id='word_1_170' title='bbox 683 2689 841 2775; x_wconf 83' lang='grc' dir='ltr'><strong><em>ἐρώτησις</em></strong></span> <span class='ocrx_word' id='word_1_171' title='bbox 863 2691 961 2775; x_wconf 78' lang='grc' dir='ltr'><strong><em>ὀρθή.</em></strong></span> <span class='ocrx_word' id='word_1_172' title='bbox 1006 2691 1119 2758; x_wconf 85' lang='grc' dir='ltr'><strong><em>ἐδόκει</em></strong></span> 
     </span>
     <span class='ocr_line' id='line_1_25' title="bbox 104 2793 1119 2884; baseline 0.002 -20"><span class='ocrx_word' id='word_1_173' title='bbox 104 2809 174 2874; x_wconf 90' lang='grc' dir='ltr'><strong><em>τοῖς</em></strong></span> <span class='ocrx_word' id='word_1_174' title='bbox 192 2796 356 2883; x_wconf 90' lang='grc' dir='ltr'><strong><em>ἀνδράσιν</em></strong></span> <span class='ocrx_word' id='word_1_175' title='bbox 375 2795 462 2861; x_wconf 77' lang='grc' dir='ltr'><strong><em>οὕτω</em></strong></span> <span class='ocrx_word' id='word_1_176' title='bbox 476 2806 596 2880; x_wconf 91' lang='grc' dir='ltr'><strong><em>ποιεῖν,</em></strong></span> <span class='ocrx_word' id='word_1_177' title='bbox 614 2793 670 2861; x_wconf 81' lang='grc' dir='ltr'><strong><em>καὶ</em></strong></span> <span class='ocrx_word' id='word_1_178' title='bbox 684 2793 841 2880; x_wconf 91' lang='grc' dir='ltr'><strong><em>λέγουσιν</em></strong></span> <span class='ocrx_word' id='word_1_179' title='bbox 855 2796 943 2884; x_wconf 74' lang='grc' dir='ltr'><strong><em>αύτῷ</em></strong></span> <span class='ocrx_word' id='word_1_180' title='bbox 958 2798 996 2863; x_wconf 85' lang='grc' dir='ltr'><strong><em>τὸ</em></strong></span> <span class='ocrx_word' id='word_1_181' title='bbox 1010 2796 1119 2882; x_wconf 88' lang='grc' dir='ltr'><strong><em>τέρας.</em></strong></span> 
     </span>
     <span class='ocr_line' id='line_1_26' title="bbox 64 2899 1119 2989; baseline 0.003 -23"><span class='ocrx_word' id='word_1_182' title='bbox 64 2905 124 2972; x_wconf 76' lang='grc' dir='ltr'><strong><em>εεό</em></strong></span> <span class='ocrx_word' id='word_1_183' title='bbox 153 2899 184 2969; x_wconf 93' lang='grc' dir='ltr'><strong><em>δ’</em></strong></span> <span class='ocrx_word' id='word_1_184' title='bbox 212 2903 256 2982; x_wconf 80' lang='grc' dir='ltr'><strong><em>όνς</em></strong></span> <span class='ocrx_word' id='word_1_185' title='bbox 287 2904 409 2986; x_wconf 74' lang='grc' dir='ltr'><strong><em>ἤκουσε</em></strong></span> <span class='ocrx_word' id='word_1_186' title='bbox 440 2903 559 2989; x_wconf 91' lang='grc' dir='ltr'><strong><em>μικρὸν</em></strong></span> <span class='ocrx_word' id='word_1_187' title='bbox 591 2902 735 2987; x_wconf 81' lang='grc' dir='ltr'><strong><em>ἐπισχὼν</em></strong></span> <span class='ocrx_word' id='word_1_188' title='bbox 762 2905 900 2989; x_wconf 93' lang='grc' dir='ltr'><strong><em>χρόνον,</em></strong></span> <span class='ocrx_word' id='word_1_189' title='bbox 929 2900 1119 2988; x_wconf 70' lang='grc' dir='ltr'><strong><em>Ἀκούσαά,</em></strong></span> 
     </span>
     <span class='ocr_line' id='line_1_27' title="bbox 106 3005 1119 3097; baseline -0.001 -19"><span class='ocrx_word' id='word_1_190' title='bbox 106 3014 241 3097; x_wconf 79' lang='grc' dir='ltr'><strong><em>ἔφησεν,</em></strong></span> <span class='ocrx_word' id='word_1_191' title='bbox 264 3009 386 3095; x_wconf 88' lang='grc' dir='ltr'><strong><em>ἀνδρες</em></strong></span> <span class='ocrx_word' id='word_1_192' title='bbox 403 3005 572 3094; x_wconf 85' lang='grc' dir='ltr'><strong><em>Ῥωμαῖοι·</em></strong></span> <span class='ocrx_word' id='word_1_193' title='bbox 607 3012 645 3075; x_wconf 89' lang='grc' dir='ltr'><strong><em>τὸ</em></strong></span> <span class='ocrx_word' id='word_1_194' title='bbox 669 3006 730 3094; x_wconf 74' lang='grc' dir='ltr'><strong><em>μὲν</em></strong></span> <span class='ocrx_word' id='word_1_195' title='bbox 752 3006 849 3096; x_wconf 87' lang='grc' dir='ltr'><strong><em>τέρας</em></strong></span> <span class='ocrx_word' id='word_1_196' title='bbox 870 3009 951 3094; x_wconf 86' lang='grc' dir='ltr'><strong><em>ὑμῖν</em></strong></span> <span class='ocrx_word' id='word_1_197' title='bbox 972 3009 990 3076; x_wconf 89' lang='grc' dir='ltr'><strong>ὁ</strong></span> <span class='ocrx_word' id='word_1_198' title='bbox 1009 3010 1119 3095; x_wconf 78' lang='grc' dir='ltr'><strong><em>πατὴρ</em></strong></span> 
     </span>
    </p>
   </div>
   <div class='ocr_carea' id='block_1_3' title="bbox 106 3232 1120 3522">
    <p class='ocr_par' dir='ltr' id='par_1_8' title="bbox 106 3232 1120 3522">
     <span class='ocr_line' id='line_1_28' title="bbox 178 3232 1120 3318; baseline 0 -26"><span class='ocrx_word' id='word_1_199' title='bbox 178 3244 192 3292; x_wconf 86' lang='grc'>1</span> <span class='ocrx_word' id='word_1_200' title='bbox 213 3233 245 3293; x_wconf 84' lang='grc' dir='ltr'><strong><em>ἐκ</em></strong></span> <span class='ocrx_word' id='word_1_201' title='bbox 266 3244 315 3306; x_wconf 84' lang='grc' dir='ltr'><strong><em>τῆς</em></strong></span> <span class='ocrx_word' id='word_1_202' title='bbox 338 3238 481 3307; x_wconf 81' lang='grc' dir='ltr'><strong><em>ἀποτομῆς</em></strong></span> <span class='ocrx_word' id='word_1_203' title='bbox 498 3232 571 3292; x_wconf 96' lang='grc' dir='ltr'>Β</span> <span class='ocrx_word' id='word_1_204' title='bbox 572 3257 589 3293; x_wconf 91' lang='grc' dir='ltr'><strong><em>κ</em></strong></span> <span class='ocrx_word' id='word_1_205' title='bbox 611 3244 660 3307; x_wconf 79' lang='grc' dir='ltr'><strong><em>τῆς</em></strong></span> <span class='ocrx_word' id='word_1_206' title='bbox 682 3241 774 3318; x_wconf 90' lang='grc' dir='ltr'><strong><em>κεφαλ</em></strong></span> <span class='ocrx_word' id='word_1_207' title='bbox 793 3237 850 3300; x_wconf 85' lang='grc' dir='ltr'><strong><em>ς</em></strong></span> <span class='ocrx_word' id='word_1_208' title='bbox 885 3232 918 3292; x_wconf 86' lang='grc' dir='ltr'><strong><em>ἐκ</em></strong></span> <span class='ocrx_word' id='word_1_209' title='bbox 939 3243 990 3306; x_wconf 82' lang='grc' dir='ltr'><strong><em>τῆς</em></strong></span> <span class='ocrx_word' id='word_1_210' title='bbox 1007 3244 1120 3308; x_wconf 78' lang='grc' dir='ltr'><strong><em>σφαγῆς</em></strong></span> 
     </span>
     <span class='ocr_line' id='line_1_29' title="bbox 106 3305 1119 3378; baseline -0.002 -12"><span class='ocrx_word' id='word_1_211' title='bbox 106 3308 253 3367; x_wconf 81' lang='lat' dir='ltr'>oReiske</span> <span class='ocrx_word' id='word_1_212' title='bbox 289 3305 319 3376; x_wconf 82' lang='grc' dir='ltr'><strong><em>ἐξ</em></strong></span> <span class='ocrx_word' id='word_1_213' title='bbox 338 3309 424 3377; x_wconf 82' lang='grc' dir='ltr'><strong><em>αότῆς</em></strong></span> <span class='ocrx_word' id='word_1_214' title='bbox 442 3307 549 3364; x_wconf 83' lang='lat' dir='ltr'>Grimm</span> <span class='ocrx_word' id='word_1_215' title='bbox 566 3308 641 3365; x_wconf 68' lang='lat' dir='ltr'>Lech</span> <span class='ocrx_word' id='word_1_216' title='bbox 656 3307 737 3365; x_wconf 90' lang='lat' dir='ltr'><strong>Dion</strong></span> <span class='ocrx_word' id='word_1_217' title='bbox 805 3315 821 3364; x_wconf 86' lang='lat'><strong>6</strong></span> <span class='ocrx_word' id='word_1_218' title='bbox 876 3313 940 3364; x_wconf 85' lang='grc' dir='ltr'><strong><em>9τε</em></strong></span> <span class='ocrx_word' id='word_1_219' title='bbox 942 3307 1119 3378; x_wconf 80' lang='grc' dir='ltr'><strong><em>ρατυσκόπον</em></strong></span> 
     </span>
     <span class='ocr_line' id='line_1_30' title="bbox 106 3328 1117 3470; baseline -0.001 -35"><span class='ocrx_word' id='word_1_220' title='bbox 106 3381 154 3435; x_wconf 92' lang='lat' dir='ltr'><strong><em>Bb</em></strong></span> <span class='ocrx_word' id='word_1_221' title='bbox 191 3399 220 3435; x_wconf 89' lang='grc' dir='ltr'><strong><em>τε</em></strong></span> <span class='ocrx_word' id='word_1_222' title='bbox 223 3378 397 3470; x_wconf 85' lang='grc' dir='ltr'><strong><em>ρατόσκοπον</em></strong></span> <span class='ocrx_word' id='word_1_223' title='bbox 415 3380 441 3434; x_wconf 87' lang='lat' dir='ltr'><strong>R</strong></span> <span class='ocrx_word' id='word_1_224' title='bbox 464 3395 533 3435; x_wconf 80' lang='lat' dir='ltr'><strong>corr</strong></span> <span class='ocrx_word' id='word_1_225' title='bbox 551 3378 655 3434; x_wconf 81' lang='lat' dir='ltr'><strong>Reiske</strong></span> <span class='ocrx_word' id='word_1_226' title='bbox 746 3384 780 3434; x_wconf 81' lang='lat'><strong><em>15</em></strong></span> <span class='ocrx_word' id='word_1_227' title='bbox 799 3374 925 3450; x_wconf 85' lang='grc' dir='ltr'><strong><em>ἐντυχεῖν</em></strong></span> <span class='ocrx_word' id='word_1_228' title='bbox 942 3328 1034 3434; x_wconf 71' lang='lat' dir='ltr'>Cobet</span> <span class='ocrx_word' id='word_1_229' title='bbox 1052 3378 1117 3434; x_wconf 72' lang='lat' dir='ltr'><strong>Oba.</strong></span> 
     </span>
     <span class='ocr_line' id='line_1_31' title="bbox 107 3449 706 3522; baseline -0.005 -15"><span class='ocrx_word' id='word_1_230' title='bbox 107 3471 134 3522; x_wconf 90' lang='lat' dir='ltr'>p</span> <span class='ocrx_word' id='word_1_231' title='bbox 154 3458 188 3508; x_wconf 82' lang='lat'><strong><em>89</em></strong></span> <span class='ocrx_word' id='word_1_232' title='bbox 205 3455 209 3521; x_wconf 88' lang='grc' dir='ltr'>Ι</span> <span class='ocrx_word' id='word_1_233' title='bbox 225 3472 309 3522; x_wconf 89' lang='grc' dir='ltr'><strong><em>μαντι</em></strong></span> <span class='ocrx_word' id='word_1_234' title='bbox 325 3451 349 3505; x_wconf 94' lang='grc' dir='ltr'><strong>Β</strong></span> <span class='ocrx_word' id='word_1_235' title='bbox 421 3457 455 3506; x_wconf 78' lang='lat'><strong><em>22</em></strong></span> <span class='ocrx_word' id='word_1_236' title='bbox 474 3452 662 3520; x_wconf 85' lang='grc' dir='ltr'><strong><em>διδαχθεῖσαν</em></strong></span> <span class='ocrx_word' id='word_1_237' title='bbox 679 3449 706 3504; x_wconf 83' lang='grc' dir='ltr'><strong>Α</strong></span> 
     </span>
    </p>
   </div>
   <div class='ocr_carea' id='block_1_4' title="bbox 0 0 1222 3840">
    <p class='ocr_par' dir='ltr' id='par_1_9' title="bbox 0 0 1222 3840">
     <span class='ocr_line' id='line_1_32' title="bbox 0 0 1222 3840; baseline 0 0"><span class='ocrx_word' id='word_1_238' title='bbox 0 0 1222 3840; x_wconf 95' lang='lat' dir='ltr'><strong><em> </em></strong></span> 
     </span>
    </p>
   </div>
  </div>
 </body>
</html>
