2414 3840
578 181 739 230 ..ς-

151 335 348 421 πατημένος,
372 337 454 423 ὀργή
479 333 515 402 δέ
538 342 665 420 μᾶλλον
683 337 704 420 ή
723 342 870 425 λογισμῷ
889 338 929 401 τὰ
949 338 1168 425 συμφέροντα

151 446 292 529 κρίνων,
330 436 385 509 οἷα
422 443 459 508 έν
495 442 620 527 ἀμαθεῖ
650 443 815 526 <πλήθει>
848 447 1026 527 γίγνεσθαι
1060 450 1168 528 φιλεῖ·

151 544 257 615 ἔπειθ’
280 549 331 614 ότι
354 550 552 615 συνοίδασιν
575 549 688 626 αὑτοῖς
709 560 817 626 κακῶς
834 549 1117 635 βεβουλευμένοις
1136 552 1171 616 οἰ

150 658 286 732 πλείους
303 651 358 720 καὶ
378 659 531 738 ζητοῦσιν
550 654 783 720 ἀναλύσασθαι
800 655 859 730 τὰς
872 653 1034 738 ἁμαρτίας
1049 656 1167 741 εὐσχή-

128 785 255 845 εμονας
284 760 437 847 ἀφορμάς
466 762 704 844 λαμβάνοντες·
741 762 781 826 τά
810 769 894 845 γοῦν
925 762 1007 846 ἔργα
1038 763 1205 846 δρῶσιν11

150 867 215 950 ήδη
248 870 519 951 μετεγνωκότων,
551 864 607 932 καὶ
639 868 670 932 εἰ
701 869 837 950 λάβοιεν
868 866 986 932 ἐλπίδα
1017 871 1166 954 χρηστήν

150 971 226 1055 περὶ
243 983 305 1039 τοῦ
319 972 499 1059 μέλλοντος
511 976 648 1059 χρόνου,
667 969 902 1057 ψηφισαμένης
915 973 1029 1050 αὐτοῖς
1049 976 1166 1042 ἀδειαν

150 1088 207 1162 τῆς
225 1081 350 1163 βουλῆς
367 1077 423 1144 καὶ
442 1080 622 1162 διαλλαγάς
638 1076 865 1163 ποιησαμένης
880 1079 1068 1164 εὐπρεπεῖς,
1089 1081 1166 1166 ἀγα-

115 1195 260 1267 3πητῶς
287 1186 328 1249 τὰ
350 1183 494 1269 σφέτερα
518 1184 678 1263 δέξονται.
723 1184 840 1268 ἠξίουν
863 1208 897 1251 τε
919 1195 1023 1251 ταῦτα
1048 1184 1166 1274 παραιὶ

115 1321 141 1360 10
150 1299 288 1366 νούντες
319 1291 363 1374 μή
390 1294 523 1374 χείρους
550 1290 655 1376 ὀργήν
682 1285 769 1356 εἰναι
796 1301 863 1356 τῶν
890 1296 1061 1358 κακιόνων
1088 1298 1168 1372 τοὺς

148 1397 349 1479 κρείττονας,
373 1393 450 1479 μηδ’
472 1399 519 1474 εἰς
542 1396 671 1462 ἐκεῖνον
695 1397 942 1480 ἀναβάλλεσθαι
960 1400 1021 1463 τὸν
1040 1403 1166 1485 χρόνον

148 1502 207 1577 τάς
235 1502 429 1586 διαλλαγάς,
459 1503 512 1567 ὅτε
539 1502 560 1586 ή
588 1512 674 1569 νοῦν
702 1505 790 1589 ἔχειν
813 1504 1106 1588 ἀναγκασθήσεται
1128 1508 1166 1572 τὸ

149 1607 308 1691 ἀνόητον,
331 1607 352 1692 ή
375 1617 421 1696 τῷ
445 1612 570 1693 μείζονι
592 1617 681 1697 κακῷ
704 1610 887 1676 τούλαττον
910 1612 1028 1676 ίᾶσθαι
1053 1613 1165 1678 ὅπλων

147 1717 332 1800 παραδόσει
349 1715 406 1782 καί
425 1716 588 1800 σωμάτων
602 1715 762 1801 ἐπιτροπῇ
776 1717 838 1800 τήν
852 1716 1052 1802 ἐλευθερίαν
1066 1718 1166 1804 ἀφαι-

113 1850 140 1890 15
150 1818 252 1905 ρεθὲν
281 1821 362 1887 αὐτὸ
389 1818 449 1907 ὑφ’
478 1820 611 1887 ἑαυτοῦ·
648 1831 751 1886 ταῦτα
778 1822 841 1909 γάρ
870 1822 969 1906 ἐγγὺς
993 1818 1083 1888 εἰναι
1105 1833 1166 1892 τοῦ

148 1927 331 1993 ἀδυνάτου·
355 1931 495 2012 μετρίως
513 1924 551 1993 δὲ
569 1926 800 2012 χρησαμένους
819 1929 985 2014 ἀρχηγοὺς
998 1940 1069 1995 τῶν
1083 1949 1165 2016 συμ-

148 2037 323 2119 φερόντων
350 2034 588 2119 βουλευμάτων
615 2031 775 2116 γενέσθαι
797 2031 853 2099 καὶ
874 2033 1061 2121 προτέρους
1083 2036 1163 2103 ἐκεί

148 2163 218 2203 νων
241 2136 295 2204 ἐπὶ
317 2141 375 2216 τάς
398 2141 578 2222 διαλλαγάς
599 2150 720 2225 χωρεῖν
744 2138 1032 2225 ἐνθυμουμένους,
1057 2143 1163 2209 ὅτιτὸ

147 2241 208 2328 μὲν
236 2246 350 2330 ἀρχειν
377 2243 433 2311 καὶ
461 2245 688 2332 ἐπιτροπεύειν
710 2256 781 2323 τοῖς
802 2250 988 2331 πατρικίοις
1009 2247 1163 2335 ὑπάρχει,

111 2330 324 2454 ἓοφιλότητος
348 2349 385 2418 δὲ
407 2350 462 2417 καί
485 2353 620 2436 εἰρήνης
643 2403 812 2419 .......
835 2365 904 2430 τοῖς
927 2353 1080 2438 ἀγαθοῖς.
1126 2360 1163 2421 τὸ

148 2454 178 2521 δ’
200 2455 325 2541 ἀξίωμα
355 2467 413 2542 τῆς
442 2461 566 2541 βουλῆς
596 2459 658 2524 οὐκ
686 2458 722 2524 έν
749 2460 834 2546 τῷδε
857 2460 999 2543 μάλιστα
1023 2461 1163 2529 ἐλαττώ-

147 2571 267 2630 σεσθαι
290 2564 494 2650 ἀπέφαινον,
520 2562 557 2630 έν
581 2555 606 2652 ᾧ
631 2565 772 2649 μάλιστα
794 2566 852 2643 τὰς
874 2566 1058 2648 ἀναγκαίας
1082 2587 1163 2654 συμ-

146 2675 255 2759 φοράς
272 2674 434 2755 γενναίως
453 2670 613 2756 φέροντες
627 2671 785 2756 ἀσφαλῶς
798 2673 1068 2758 πολιτεύσουσιν,
1088 2670 1160 2741 ἀλλ’

146 2778 183 2844 ἐν
207 2770 232 2866 ᾧ
258 2780 471 2863 δυσοργήτως
493 2789 566 2856 ταῖς
587 2779 700 2864 τύχαις
723 2779 918 2864 ὁμιλοῦντες
935 2777 1163 2865 ἀνατρέψουσι

109 2907 136 2949 τε
145 2886 182 2950 τὸ
206 2887 331 2950 κοινόν.
368 2884 483 2962 ἀνοίας
506 2883 536 2949 δ’
558 2886 659 2968 ἔργον
683 2880 770 2952 εἰναι
791 2895 849 2970 τῆς
872 2885 1069 2969 εὐπρεπείας
1092 2887 1207 2972 ἀρε-11

216 3073 282 3132 mv
302 3077 452 3148 ἀμαθεῖΟ
491 3071 522 3131 έν
545 3077 660 3147 ἀμαθεῖ
677 3075 748 3151 όχλφ
766 3077 869 3132 Reiske
907 3073 939 3133 ἐν
962 3078 1079 3147 ἀμαθεῖ
1093 3079 1161 3146 πλή-

143 3152 194 3204 θει
211 3147 356 3218 Kiessling
374 3147 419 3202 Pr.
438 3146 501 3202 Bas.
521 3165 548 3216 p.
566 3153 599 3203 18
653 3155 669 3203 3
689 3149 785 3211 αυτοῖς
804 3147 827 3202 Ο
847 3164 916 3204 corr.
930 3147 1077 3219 Kiessling
1128 3155 1160 3203 14

143 3221 342 3289 ἀφαιρεθῆναι
364 3225 414 3272 τοῦ
437 3216 483 3271 Ba
554 3224 589 3272 20
612 3216 780 3288 *φιλότητος
803 3216 834 3273 δὲ
858 3218 907 3273 καί
928 3216 1044 3291 εἰρήνης
1062 3220 1160 3292 ἀρχειν

142 3299 201 3355 τοῖς
219 3292 344 3362 ἀγαθοῖς
362 3304 384 3342 ο.
404 3287 508 3342 Reiske
545 3287 665 3360 ὑπάρχει
686 3288 835 3358 φιλότητος
851 3309 882 3345 τε
900 3289 950 3344 καλ
969 3288 1085 3360 εἰρήνης
1103 3297 1159 3353 τοῖς

143 3363 267 3432 ἀγαθοῖς
287 3377 310 3414 ο.
324 3359 470 3412 Meutzner
486 3377 514 3428 p.
529 3365 581 3414 265
602 3360 637 3414 cf.
652 3359 774 3415 Schenkl
792 3379 820 3430 p.
835 3365 870 3415 37
899 3363 965 3429 post
984 3360 1100 3433 εἰρήνης
1117 3361 1158 3415 la-

140 3449 243 3488 ταυτα]
263 3427 423 3502 significavi
495 3436 528 3485 22
548 3429 666 3499 μάλιστα
685 3431 739 3486 del.
757 3429 862 3486 Reiske
