2414 3840
101 167 164 232 180
526 170 749 219 -Ε-“

98 336 248 416 δερῶσαι
272 327 309 396 δὲ
327 332 388 414 τὴν
407 332 550 416 πατρίδα
569 322 794 413 τοῦπολέμου
809 325 993 412 βουληθεὶς
1007 323 1121 413 ἦλθον

98 435 151 502 ἐπὶ
187 438 224 502 τὸ
262 438 487 523 στρατόπεδον
519 437 614 521 ὑμῶν
647 436 692 512 ὡς
725 445 793 501 τῶν
825 434 1026 520 αὐτομόλων
1059 459 1122 520 τις,

98 544 293 610 ἀποκτεῖναί
319 560 356 608 σε
384 546 602 628 βουλόμενος·
638 542 701 608 οὐκ
723 542 857 626 ἀγνοῶν
880 539 958 627 μέν,
983 543 1037 608 ότι
1065 541 1162 609 καλε

97 651 352 735 κατορθώσαντι
373 647 430 715 καὶ
453 651 668 735 διαμαρτόντι
690 658 748 732 τῆς
770 647 904 724 ἐλπίδος
927 648 1124 716 ἀποθανεῖν

71 756 239 841 εὑπάρχει
260 780 328 840 μοι,
351 759 556 842 χαρίσασθαι
578 752 616 820 δὲ
634 764 673 840 τῇ
691 754 870 840 γειναμένῃ
888 756 951 839 τὴν
969 754 1126 840 ἐμαυτοῦ

97 863 209 948 ψυχὴν
237 862 503 948 προαιρούμενος
530 859 586 927 καὶ
613 858 689 927 ἀντὶ
720 869 782 927 τοῦ
809 863 1133 946 δνητοῦσώμοιτος

98 969 271 1036 ἀθάνατον
295 969 397 1048 δόξαν
419 973 624 1034 καταλιπεῖν·
657 965 820 1046 ψευσθεὶς
842 963 880 1033 δὲ
901 976 960 1052 τῆς
983 967 1127 1048 ἐλπίδος

97 1074 172 1143 ἀντὶ
195 1085 259 1142 σοῦ
281 1077 340 1141 τὸν
363 1075 569 1162 γραμματέα,
594 1074 635 1140 ὃν
659 1071 766 1140 οὐδὲν
789 1072 942 1158 ἐδεόμην,
965 1072 1127 1162 ἀνῄρηκα

96 1191 136 1269 τῇ
167 1206 203 1247 τε
234 1183 393 1269 πορφύρα
423 1178 479 1246 καὶ
510 1164 572 1269 κβ
590 1182 700 1269 δίφρφ
731 1172 891 1257 καὶτοῖς
917 1180 1035 1258 ἀλλοις
1063 1191 1121 1268 τῆς

57 1269 249 1382 1Ξέξουσίας
272 1290 454 1372 συμβόλοις
475 1290 668 1371 πλανηθείς.
705 1288 765 1352 τὸν
788 1282 851 1372 μὲν
871 1281 933 1352 οὖν
951 1289 1118 1373 θάνατον,

98 1395 139 1460 ὃν
161 1394 261 1471 αὐτὸς
285 1393 430 1478 ἐμαυτοῦ
452 1393 743 1477 κατεψηφισάμην,
768 1389 815 1459 ὅτ’
839 1391 892 1458 ἐπὶ
914 1394 978 1478 τὴν
996 1394 1118 1480 πρᾶξιν

97 1503 236 1586 ἔμελλον
261 1500 379 1586 ὁρμάν,
404 1499 445 1565 ού
467 1509 705 1586 παραιτοῦμαν
738 1499 906 1583 βασάνους
929 1495 967 1566 δὲ
984 1499 1044 1568 καὶ
1063 1503 1121 1580 τάς

100 1609 201 1684 ἀλλας
228 1606 342 1693 ὕβρεις
369 1613 404 1673 εί
426 1630 483 1692 μοι
510 1610 664 1692 παρείης,
694 1609 820 1683 πίστεις
843 1608 925 1684 δοὺς
948 1605 1002 1672 ἐπὶ
1025 1614 1119 1674 θεῶν

98 1713 327 1799 ὑπισχνοῦμαί
346 1730 401 1779 σοι
424 1712 508 1798 μέγα
530 1722 665 1798 πρᾶγμα
689 1714 853 1797 δηλώσειν
875 1712 931 1779 καὶ
953 1716 1040 1799 πρὸς
1058 1716 1121 1799 την

58 1800 266 1913 ἐσυτηρίαν
298 1820 423 1904 ἀνῆκόν
452 1836 515 1886 σοι.
557 1814 594 1883 Ὁ
621 1816 683 1902 μὲν
712 1821 753 1904 δὴ
781 1816 874 1885 ταῦτ’
901 1823 993 1903 ἔλεγε
1019 1844 1121 1888 καπα-

99 1936 323 2013 στρατηγῆσαι
351 1928 410 1993 τδν
438 1926 546 2011 ἀνδρα
575 1927 829 2011 διανοούμενος·
866 1927 884 1992 δ
913 1923 943 1993 δ’
966 1925 1030 2005 ἔξω
1059 1936 1162 1994 τούθιῑ

99 2042 241 2119 φρονεῖν
268 2032 416 2116 γεγονὼς
443 2029 498 2096 καὶ
526 2032 592 2116 άμα
615 2032 797 2109 κινδύνους
819 2032 855 2098 ἐκ
877 2038 1012 2100 πολλῶν
1037 2060 1122 2120 μαν-

98 2141 277 2223 τευόμενος
308 2137 500 2223 ἀνθρώπων
531 2137 593 2202 οὐκ
621 2137 759 2221 ἀληθείς
787 2139 927 2203 δίδωσιν
954 2139 1046 2228 αύτῷ
1072 2139 1119 2207 δι’

101 2246 210 2331 ὅρκων
233 2246 271 2310 τὸ
295 2246 424 2312 πιστόν.
461 2245 543 2328 μετά
566 2240 603 2309 δὲ
626 2241 724 2310 τοῦδ’
747 2245 765 2310 ὁ
788 2246 943 2322 Μούκιος
963 2250 1123 2314 καινότα-

62 2371 162 2418 ιοτον
195 2348 403 2436 ἐνθυμηθεὶς
434 2350 559 2434 ἀπάτης
590 2353 732 2437 τρόπον,
770 2351 806 2428 ὃς
838 2351 875 2416 ἐν
907 2351 1034 2436 ἀφανεῖ
1061 2356 1125 2421 τὸν

100 2463 237 2545 ἔλεγχον
260 2453 342 2544 εἶχε,
367 2456 456 2542 λέγει
474 2458 557 2543 πρὸς
576 2457 692 2523 αὐτόν·
720 2448 759 2524 Ὦ
781 2461 929 2542 βασιλεῦ,
946 2455 1125 2544 Ῥωμαίων

100 2567 221 2652 ἀνδρες
250 2567 435 2650 τριακόσιοι
462 2564 524 2648 την
554 2564 659 2648 αὐτὴν
687 2566 818 2649 ἔχοντες
844 2564 977 2648 ἡλικίαν
1000 2565 1039 2632 ἐκ
1062 2576 1127 2634 τοῦ

99 2670 219 2756 γένους
255 2680 316 2736 τοῦ
353 2681 420 2736 τῶν
456 2673 639 2756 πατρικίων
672 2672 814 2748 ἅπαντες
847 2671 1127 2758 ἐβουλευσάμεθα

101 2781 325 2856 συνελθόντες
348 2777 544 2843 ἀποκτεῖναί
564 2794 602 2857 σε
624 2775 679 2843 καὶ
702 2779 740 2843 τὸ
764 2779 884 2844 πιστὸν
907 2779 1020 2864 ὅρκοις
1041 2789 1124 2867 παρ’

61 2865 257 2981 ἐξάλληλων
280 2884 453 2969 ἐλάβομεν.
491 2882 584 2963 ἔδοξε
603 2881 635 2950 δ’
656 2885 735 2970 ἡμῖν
754 2883 1014 2970 βουλευομένοις
1032 2887 1128 2965 ὅστις

103 2994 121 3059 ό
144 3001 202 3076 τῆς
225 2991 404 3076 ἐπιβουλῆς
426 2987 469 3074 ἦν
487 2993 619 3077 τρόπος,
644 2989 726 3075 μηδ’
751 2991 898 3068 ἅπαντας
916 2992 982 3077 άμα
1000 3005 1129 3080 χωρεῖν

175 3146 466 3220 5ηαρίσασθ<αι>Β
523 3154 557 3203 13
575 3148 721 3221 παρίησΑ
756 3167 871 3219 παρ.ισ
884 3149 931 3204 Ba
987 3156 1020 3205 16
1041 3168 1130 3222 στρα-

103 3221 267 3348 ἷίλῆσαιιὲ)
277 3220 765 3362 *βῖὶἵῗῖἰῖλγλσαλιῗλῖἓᾞέ
802 3218 1052 3384 ,ἷῖάέχῖάῗέι
1071 3220 1128 3364 ἓῖβ

104 3371 139 3420 25
164 3363 238 3426 ὅστις
261 3361 276 3417 ὁ
300 3359 445 3430 κράτιστος
469 3379 491 3416 ο.
510 3362 654 3433 Kiessling
739 3370 774 3419 26
796 3365 844 3434 ην]
870 3361 948 3418 ἔσται
969 3364 1016 3419 vel
1035 3367 1081 3434 εἴη
1100 3381 1125 3419 c.

105 3434 278 3504 Grasborger
296 3433 461 3503 Philologus
480 3433 598 3490 XXVIII
617 3437 711 3505 (1869)
730 3454 757 3505 p.
773 3441 824 3490 349
