2414 3840
100 92 166 157 234
524 98 688 147 -E—

62 264 235 333 4τοιαύτα
256 255 386 321 τούτων
409 254 685 342 ἀποκριναμένων
708 253 815 323 ούθέν
834 257 870 322 οἰ
886 253 1045 344 Ῥωμαῖοι
1061 282 1162 325 τα·-

97 359 329 446 πεινωθέντες,
350 361 367 426 δ
386 368 511 427 παθεῖν
531 363 617 440 εἰκὸς
634 358 677 447 ἦν
695 365 775 440 τοὺς
794 361 899 448 μόναν
917 387 954 430 τε
968 367 1181 450 πόλεμοειι·

98 467 298 553 αἰρομένους
329 467 385 534 καί
416 469 523 546 πόσας
555 468 787 551 ἀπεγνωκότας
817 469 876 548 τὰς
908 474 1137 557 συμμαχικὰς
1189 506 1207 527 ·

98 575 249 658 ἐλπίδας,
275 575 359 641 ἀλλά
380 586 452 653 ταῖς
476 577 612 653 οἰκείαις
634 576 797 661 δυνάμεσι
819 578 1037 655 πιστεύοντες
1059 581 1120 663 μό-
1155 608 1184 636 ο

70 706 173 758 εναις
201 686 312 768 πολλῷ
341 684 591 767 προθυμότεροι
618 684 701 768 πρὸς
728 683 788 748 τὸν
810 680 926 766 ἀγῶνα
949 683 1181 768 ἐγίνοντοο

98 789 143 866 ὡς
171 790 227 854 διδι
254 789 316 871 τὴν
343 788 493 872 ἀνάγκην
521 789 642 873 ἀνδρες
668 785 793 872 ἀγαθοί
820 789 910 874 παρὰ
936 792 1020 868 τοὺς
1047 812 1198 857 κινυ-

98 896 224 972 δύνονς
255 895 423 980 ἐσόμενοι,
455 892 510 960 καί
543 894 602 960 ἐὰν
633 897 715 960 κατὰ
747 903 833 960 νοῦν
863 894 1017 981 πρύξωσι
1046 906 1158 963 vars

99 1004 200 1080 ἰδίαις
222 1003 353 1087 ἀρεταῖς
371 1002 647 1087 κατορθώσαντες
660 1002 720 1066 τὸν
743 1003 891 1086 πόλεμον
910 1001 1032 1069 οὐδενὶ
1049 1027 1141 1070 κοτε
1180 1028 1205 1055 ·

96 1111 284 1192 νωσόμενοι
316 1118 373 1192 τῆς
405 1107 511 1192 δόξης.
556 1116 720 1174 τοσοῦτον
753 1108 867 1185 αὐτοῖς
898 1113 1180 1195 φρονήματοο

58 1243 84 1282 10
98 1212 154 1280 καί
175 1217 298 1298 τόλμης
321 1212 357 1279 ἐκ
379 1225 447 1279 τῶν
469 1219 604 1280 πολλῶν
626 1213 769 1298 ἀγώνων
790 1223 918 1300 περιῆν.

163 1320 282 1385 LXIII.
316 1324 650 1406 Παρασκεναξόμενοι
678 1317 716 1387 δὲ
743 1323 784 1386 τδ
813 1322 861 1400 εἰς
882 1323 945 1387 τὸν
967 1324 1190 1409 πόλεμοτο

97 1426 266 1509 ἐπιτήδεια
297 1423 352 1492 καί
384 1428 442 1504 τὰς
474 1427 632 1512 δυνάμεις
665 1425 843 1513 ἀρξόμενοι
874 1429 1202 1515 καταγρύῲεωεο

98 1535 145 1610 εἰς
167 1534 294 1617 πολλὴν
318 1531 495 1599 ἐνέπιπτον
517 1533 715 1632 ἀμηχανίριν,
740 1533 782 1599 ού
804 1534 868 1618 τὴν
886 1534 994 1619 αὐτὴν
1013 1530 1207 1603 ἀπόειπ’

96 1664 164 1706 των
186 1643 383 1726 προθυμίαν
406 1641 454 1716 εἰς
476 1641 516 1704 τὰ
540 1642 620 1725 ἔργα
644 1638 889 1727 παρεχομένων.
927 1641 965 1705 οἰ
979 1642 1048 1728 γὰρ
1066 1643 1160 1709 eu-

58 1771 83 1813 15
99 1748 184 1824 δεεῖς
216 1750 293 1830 βίον
321 1745 376 1812 καὶ
404 1747 546 1830 μάλιστα
573 1747 609 1811 οἰ
632 1748 673 1811 τδι
699 1743 780 1831 χρέα
806 1756 877 1824 τοῖς
904 1750 1149 1831 συμβαλοῦο

98 1855 254 1919 διαλῦσαι
277 1853 319 1920 ού
343 1852 525 1937 δυνάμενοι
545 1850 665 1918 πολλοὶ
683 1854 817 1939 σφόδρα
836 1855 931 1931 ὄντες
951 1853 1015 1939 ούχ
1033 1854 1154 1940 Inte
1203 1885 1207 1890 ¹

97 1983 201 2026 κουον
224 1960 277 2026 ἐπὶ
299 1960 340 2025 τδι
363 1960 448 2025 ὅπλα
471 1960 672 2044 καλούμενοι
696 1956 770 2024 οὐδ’
792 1958 977 2043 ἐβούλοντο
995 1982 1174 2028 κοινοῖς»

99 2077 171 2132 νεῖν
195 2066 335 2143 ούδενὸς
358 2054 462 2150 ἔργον
482 2076 552 2142 τοῖς
574 2068 770 2151 πατρικίοις,
795 2066 888 2150 εἰμὴ
907 2069 1150 2152 ψηψίσαινττ
1199 2088 1203 2103 ·

98 2173 211 2250 αὐτοῖς
233 2183 341 2258 χρεῶν
364 2173 498 2257 ἀφεσιν·
530 2171 614 2237 ἀλλὰ
636 2169 691 2236 καί
713 2175 926 2250 καταλείψειν
948 2170 1040 2252 τινὲς
1057 2172 1143 2239 αὑ·
1194 2204 1197 2212 ⁴

57 2305 84 2345 ιο
97 2291 165 2345 τῶν
187 2281 250 2364 την
272 2282 371 2345 πόλιν
394 2282 511 2363 ἔλεγον
533 2276 589 2344 καὶ
611 2279 873 2363 παρεκελεύοντο
894 2277 1054 2363 ἀλληλοις
1088 2323 1090 2328 ,
1204 2306 1207 2324 ι

98 2391 300 2472 φιλοχωρεῖν
319 2390 412 2452 πόλει
432 2386 575 2471 μηδενὸς
594 2385 708 2462 αὐτοῖς
726 2384 859 2468 ἀγαθοῦ
878 2386 1205 2470 μεταδιδούσζᾟι

62 2500 83 2566 2
97 2492 179 2570 τέως
197 2490 259 2577 μὲν
278 2488 340 2558 οὖν
358 2496 563 2580 παρακαλεῖν
581 2492 704 2568 αύτούς
718 2491 755 2557 οἰ
765 2493 933 2577 πατρίκιοι
946 2489 1004 2558 καί
1018 2514 1124 2577 μετα
1131 2507 1206 2551 ‘’Ja-

97 2603 230 2665 πείθειν
249 2601 439 2687 ἐπειρῶντο,
463 2599 534 2665 ἐπεὶ
553 2596 584 2664 δ’
603 2595 708 2664 οὐθὲν
727 2597 880 2682 ἐγίνοντο
899 2599 1094 2685 μετριώτερ’
1117 2616 1198 2659 -νι

97 2709 181 2792 πρὸς
211 2709 269 2784 τὰς
299 2709 535 2794 παρακλήσεις,
568 2706 656 2771 ούτω
687 2706 728 2790 δη
757 2709 983 2783 συνελθόντες
1005 2707 1053 2783 εἰς
1072 2698 1197 2770 τ-τὸ

57 2834 84 2877 ετ
97 2816 339 2899 βουλευτήριον
362 2813 543 2897 ἐσκόπουν,
565 2816 615 2889 τίς
638 2811 881 2899 εὐπρεπεστέρα
904 2813 1000 2890 λύσις
1022 2814 1100 2878 ἐστ.
1130 2826 1200 2866 ἀι

96 2929 155 3005 τῆς
188 2919 390 3003 κατεχούσης
419 2920 481 3002 τὴν
512 2922 611 2985 πόλιν
644 2926 796 3005 ταραχῆς.
847 2918 922 2984 ὅσοι
954 2916 1018 3005 μὲν
1048 2902 1203 2984 nav

168 3144 447 3216 3σνναιρονμένονς
469 3148 494 3200 Α
540 3144 770 3217 αἰρουμένουςΒ
817 3143 1039 3217 συναιρομένους
1065 3147 1170 3198 θ’
1195 3150 1206 3171 ²

97 3217 324 3291 συναρουμένους
336 3217 457 3287 Sylburg
480 3216 665 3289 αἰρονμένους
675 3217 763 3271 Cobet
774 3216 840 3273 Obs.
854 3235 882 3288 p.
894 3222 946 3272 105
961 3218 967 3288 Ι
982 3216 1032 3280 τὰς
1206 3219 1207 3231 ’

97 3292 120 3345 Β
194 3290 503 3358 8κατορθώσαντεςΒ
586 3294 619 3343 13
639 3286 798 3342 ἐπιπτονΒ
881 3295 915 3344 19
933 3286 1068 3362 <αύ>τοῐς

96 3369 132 3418 24
150 3361 182 3417 δὲ
200 3362 247 3416 Ba
283 3360 319 3430 δὴ
338 3360 415 3415 ABb
488 3366 522 3415 25
542 3359 750 3429 εὐπρεπεστάτη
770 3375 793 3415 c.
812 3358 952 3415 Bticheler
