2414 3840
494 153 658 205 -Ε-
1020 153 1084 219 159

26 398 30 407 Ι
81 323 149 398 μού,
182 313 225 397 ἣν
253 329 359 397 φασιν
388 313 425 380 έκ
450 322 511 379 τοῦ
538 321 651 398 σωροῦ
677 322 735 398 της
756 315 904 399 καλάμης
927 319 1085 398 σαπείσης

80 419 125 485 καὶ
151 422 200 486 ἔτι
226 419 372 486 καὶτοῦ
399 429 550 506 ποταμοῦ
576 425 876 507 προσλιπαίνοντος
901 421 983 506 αὐτῇ
1008 425 1084 488 ἰλὺν

46 526 238 610 ιιογενέσθαι.
273 525 422 603 καὶτοῖς
445 527 525 611 μετὰ
546 535 608 592 τοῦ
624 527 793 612 τυράννου
811 530 994 612 πεφευγόσι
1008 522 1084 594 Ῥω-

18 682 20 725 ;
75 635 176 717 μαίων
198 633 353 699 κάθοδον
375 634 423 708 είς
445 633 508 715 την
530 635 628 697 πόλιν
652 628 703 697 ἐπ’
726 633 821 721 ἀδείμ
842 656 878 699 τε
900 633 957 700 καί
980 634 1083 719 ἀμνη-

18 766 20 797 ι
73 742 142 826 στίηι
173 739 300 816 παντὸς
331 737 563 824 ἁμαρτήματος
595 740 723 804 ἔδωκαν
755 742 878 825 χρόνον
911 741 1109 827 δρίσαντεςε

72 845 201 930 ἡμερῶν
236 849 374 911 εἴκοσιν·
416 846 448 909 εί
478 841 515 910 δέ
547 845 591 928 μὴ
622 843 819 910 κατέλθοιεν
849 846 885 912 έν
912 849 1015 933 ταύτη
1042 857 1082 933 τῇ

71 953 270 1038 προθεσμία,
292 954 451 1035 τιμωρίας
474 950 588 1028 αὐτοῖς
606 951 732 1037 ὥρισαν
752 950 881 1029 ἀιδίους
900 955 1010 1037 φνγδις
1027 950 1082 1019 καὶ

69 1057 242 1142 κτημάτων
262 1051 309 1121 ὧν
328 1055 500 1139 ἐκέκτηντο
520 1058 705 1141 δημεύσεις.
741 1066 844 1123 ταῦτα
861 1069 929 1123 τῶν
947 1058 1117 1144 ἀνδρωνὸ

68 1166 107 1229 τδι
127 1163 353 1247 πολιτεύματα
375 1164 454 1239 τοὺς
477 1160 538 1248 μὲν
561 1162 814 1243 ἀπολαύσαντας
836 1165 948 1249 ἕκτης
967 1165 1082 1243 οὐσίας

68 1280 132 1336 τῶν
161 1269 342 1356 τυράννων
375 1269 454 1335 ὅτου
487 1270 529 1352 δή
555 1292 647 1346 τινος
673 1267 756 1357 ὑπὲρ
783 1280 844 1337 τοῦ
872 1273 916 1356 μὴ
945 1272 1082 1358 ἀφαιρε-
1095 1292 1122 1332 ιο

67 1383 172 1462 θῆναι
189 1376 293 1441 πάλιν
311 1374 350 1453 δς
368 1378 466 1460 ἔσχον
486 1375 648 1459 ὠφελείας
666 1377 794 1444 ἅπαντα
811 1380 974 1445 κίνδυνον
993 1378 1082 1446 ἐποί-

66 1499 146 1566 ησεν
172 1481 369 1567 ὑπομένειν·
405 1485 483 1559 τοὺς
507 1478 544 1547 δέ
566 1484 648 1547 κατὰ
671 1482 746 1560 δέος
769 1479 817 1548 ὧν
839 1490 1081 1571 παρηνόμησαν

66 1586 120 1653 ἐπὶ
149 1598 209 1672 τῆς
241 1590 442 1674 τυραννίδος
474 1589 517 1672 μδ
549 1590 647 1672 δίκην
674 1589 918 1673 ἀναγκασθεῖεν
946 1590 1080 1676 ὑπέχειν

66 1704 177 1779 φυγῆς
199 1692 331 1771 ἑαυτοῖς
348 1693 601 1779 τιμησαμένους,
625 1693 872 1777 ἀπαλλαγέντας
889 1706 951 1762 τοῦ
969 1699 1080 1780 φόβον

65 1800 183 1886 μηκέτι
198 1801 240 1865 τὰ
258 1811 326 1865 τῶν
343 1801 531 1885 τυράννων,
555 1800 638 1866 ἀλλδι
656 1803 696 1865 τὰ
714 1810 772 1885 τῆς
789 1805 916 1879 πόλεως
930 1812 1080 1888 φρονεῖν.
1095 1814 1121 1855 1⁵

18 1922 64 1972 εῖτ
131 1907 240 1972 XIIII.
272 1905 544 1993 Διαπραξύμενοι
573 1904 610 1972 δὲ
636 1917 738 1973 ταῦτα
766 1907 821 1973 καὶ
849 1910 889 1974 τδι
915 1910 998 1994 πρὸς
1020 1910 1081 1974 τὸν

64 2017 213 2100 πόλεμον
245 2013 518 2099 εὐτρεπισάμενοι
545 2012 627 2091 τέως
654 2011 715 2098 μὲν
742 2015 807 2080 ὑπὸ
834 2024 874 2100 τῇ
902 2019 996 2080 πόλει
1023 2016 1081 2091 τὰς

65 2120 227 2204 δυνάμεις
249 2131 407 2204 συνεῖχον
430 2119 467 2185 έν
489 2131 559 2198 τοῖς
576 2122 704 2198 πεδίοις
721 2121 786 2186 ὑπὸ
806 2124 955 2206 σημείοις
972 2144 1007 2187 τε
1026 2118 1081 2186 καί

63 2227 205 2311 ἡγεμόσι
221 2223 422 2310 τεταγμένας
439 2225 494 2291 καὶ
512 2228 553 2291 τδι
571 2228 654 2313 πρὸς
671 2227 730 2291 τὸν
749 2231 896 2311 πόλεμον
915 2227 1081 2303 ἀσκούσας

63 2335 319 2417 πυνθανόμενοι
345 2335 425 2410 τοὺς
447 2334 601 2417 φυγάδας
624 2331 657 2410 έξ
681 2333 818 2398 ἁπασῶν
840 2345 908 2398 τῶν
932 2334 969 2399 ἐν
996 2337 1080 2419 Τυρ-
1094 2346 1121 2386 ²0

64 2442 166 2526 ρηνίμ
189 2441 319 2504 πόλεων
342 2438 488 2525 ἀγείρειν
509 2437 562 2505 ἐπὶ
582 2448 669 2522 σφᾶς
687 2443 839 2525 στρατόν,
863 2439 918 2505 καλ
938 2441 999 2505 δύο
1019 2436 1080 2524 μὲν

62 2549 179 2623 πόλεις
202 2544 238 2610 ἐκ
256 2554 316 2610 τοῦ
335 2554 486 2631 φανεροῦ
505 2546 750 2630 συλλαμβάνειν
769 2547 883 2624 αὐτοῖς
900 2555 958 2630 τῖγς
975 2549 1079 2612 καθό-

63 2653 139 2736 δου,
167 2655 394 2737 Ταρκυνιήτας
417 2675 451 2716 τε
474 2650 530 2717 καὶ
554 2651 793 2735 Οὐιεντανούς,
817 2651 998 2740 ἀξιοχρέοις
1022 2657 1080 2721 δυ-

62 2758 206 2844 νάμεσιν
229 2757 428 2844 ἀμφοτέρας,
452 2759 488 2825 ἐκ
508 2755 545 2824 δὲ
563 2769 630 2823 τῶν
649 2761 759 2823 ἄλλων
778 2758 957 2838 ἐθελοντάς
975 2785 1079 2847 τινας,

63 2864 124 2943 οὓς
147 2861 211 2950 μὲν
234 2863 299 2930 ὑπὸ
323 2868 433 2950 φίλων
455 2865 801 2950 παρασκευασθέντας,
826 2866 885 2943 οὓς
904 2863 941 2932 δέ
960 2876 1118 2952 μισθοῖ5

135 3063 152 3111 2
171 3055 222 3111 καλ
241 3054 282 3112 ἔτι
301 3056 323 3112 0
361 3058 414 3111 καί
427 3076 455 3110 τι
474 3073 496 3111 ο.
517 3056 717 3121 casaubonus!
734 3059 805 3129 αὐτῇ
825 3056 886 3113 ίλδιν
904 3058 956 3113 ΑΒ
989 3061 1078 3130 αὐτὴν

60 3136 95 3199 τῇ
115 3127 170 3183 ίλύι
191 3145 215 3182 c.
233 3126 378 3197 Kiessling
441 3128 634 3198 4ἀμνηστίαν
652 3125 726 3183 Bbc
782 3129 865 3184 ἵκαλ
882 3130 988 3194 τοδςΒ
1045 3138 1077 3184 10

61 3201 254 3270 ἀφαιρεῖσθαι
272 3199 295 3252 Β
351 3204 383 3252 11
402 3197 534 3254 πύνταΟ
554 3216 622 3254 corr.
637 3199 782 3269 Kiessling
798 3205 802 3269 Ι
819 3197 950 3270 ἐποίησεν
966 3201 988 3255 0
1007 3216 1076 3254 corr.

60 3269 206 3339 Kiessling
289 3276 321 3324 13
342 3264 388 3324 ἐπὶ
407 3269 529 3352 Sylburg
547 3271 602 3326 ὑπὸ
622 3271 644 3327 0
661 3275 666 3340 Ι
682 3273 764 3340 δίκην
783 3271 848 3325 add.
866 3271 916 3328 BG
951 3270 1035 3340 τιμὴν
1055 3269 1077 3322 0

61 3349 155 3467 φυχῆς
172 3339 298 3467 ἔθιμῒρχιίε
317 3339 378 3395 Em.
397 3340 479 3398 D10n.
498 3342 524 3394 H
544 3348 576 3397 18
595 3341 711 3397 Reiskio
730 3345 844 3396 auctore
925 3347 960 3394 25
979 3338 1027 3401 οθς
1045 3335 1077 3391 δὲ

61 3433 98 3467 κα
129 3430 153 3469 ο.
217 3428 280 3466 ιοο
