2414 3840
528 147 692 196 -Δ..
1100 145 1119 209 η

103 307 295 392 Ταρκύνιον
331 305 502 390 ἡμιθνῆτα
537 309 675 389 ἔθεσαν,
712 307 774 390 τὴν
808 300 839 371 δ’
871 300 1036 391 Ὀκρισίαν
1063 305 1119 372 καί

99 414 162 478 τὸν
194 413 338 477 Τύλλιον
366 410 422 478 καὶ
450 414 513 495 τὴν
541 410 711 498 θυγατέρα
739 413 801 496 την
824 421 1050 477 συνοικοῦσαν
1072 421 1118 500 τῶ

104 521 238 604 Τυλλίῳ
266 528 477 603 κατασχοῦσα
505 515 560 582 καὶ
587 519 628 582 τδι
654 519 771 583 παιδία
797 518 863 584 ὑπὸ
890 529 958 583 τῶν
983 531 1119 604 τροφῶν

101 626 283 709 ἐνεχθῆναι
296 626 481 690 κελεύσασα
497 622 586 708 λέγει
601 625 684 709 πρὸς
701 623 836 701 αύτούς·
859 626 1044 712 Ταρκύνιος
1058 621 1120 709 μέν
1133 626 1156 690 4

101 731 183 814 ἡμῖν
211 730 231 796 δ
255 731 425 814 βασιλεύς,
454 726 480 795 ὧ
507 730 641 812 Τύλλιε,
669 725 747 815 παρ’
769 721 795 818 ᾧ
818 740 946 814 τροφῆς
968 728 1022 795 καὶ
1044 751 1146 796 παι-ε

103 840 195 914 δείας
218 839 345 921 έτυχες,
370 836 527 902 ἁπάντων
549 837 690 920 μάλιστα
713 831 750 901 σέ
773 839 912 921 τιμήσας
935 841 1045 922 φίλων
1063 836 1119 902 καὶ

103 953 279 1027 συγγενῶν
302 942 421 1008 ἀνόσια
440 944 562 1008 παθῶν
581 942 809 1028 ἐκπεπλήρωκε
827 944 889 1026 τὴν
908 941 1029 1009 ἑαυτοῦ
1047 954 1119 1027 μολ-

53 1069 101 1119 642
109 1074 174 1136 ραν
194 1050 272 1114 ούτε
290 1048 365 1135 περὶ
383 1060 451 1115 τῶν
466 1050 562 1114 ίδίων
580 1049 782 1134 πραγμάτων
804 1047 1004 1134 διαθέμενος
1018 1047 1120 1115 οὐδὲν

104 1158 181 1222 ούτε
204 1154 280 1239 περὶ
302 1166 370 1221 τῶν
391 1166 515 1222 κοινῶν
538 1154 594 1221 καὶ
616 1160 796 1221 πολιτικῶν
819 1154 1016 1239 ἐπισκήψας,
1045 1150 1117 1220 ἀλλ’

104 1258 179 1329 οὐδ’
212 1262 432 1327 ἀσπάσασθαί
455 1284 531 1326 τινα
553 1261 648 1345 ἡμῶν
670 1259 726 1327 καὶ
748 1271 1018 1348 προσαγορεῦσαι
1040 1265 1119 1339 τοὺς
1132 1264 1180 1322 ιο

103 1369 264 1455 ἐσχάτους
290 1368 484 1452 ἀσπασμοὺς
512 1369 680 1451 δυνηθείς.
718 1371 823 1456 ἔρημα
848 1365 883 1433 δέ
906 1366 962 1434 καλ
985 1368 1119 1452 ὀρφανά

103 1477 143 1540 τὰ
163 1475 312 1558 δύστηνα
329 1472 425 1539 ταυτὶ
442 1476 560 1539 παιδία
577 1477 806 1539 καταλείπεται
824 1476 986 1540 κίνδυνον
1006 1475 1046 1539 ού
1060 1477 1119 1540 τὸν

107 1581 280 1664 ἐλάχιστον
302 1578 387 1665 ὑπὲρ
410 1588 468 1663 τῆς
490 1589 598 1664 ψυχῆς
619 1579 792 1665 τρέχοντα·
815 1582 847 1645 εί
866 1581 931 1666 γάρ
950 1578 1004 1646 ἐπὶ
1021 1585 1119 1666 Μαρ-

107 1690 191 1763 κίοις
213 1698 283 1764 τοῖς
306 1686 464 1751 ἀνελοῦσι
486 1687 546 1750 τὸν
568 1686 704 1751 πάππον
727 1685 838 1750 αὐτῶν
860 1687 900 1750 τά
917 1694 975 1768 τῆς
993 1690 1120 1764 πόλεως

106 1796 197 1858 ἐσται
219 1792 405 1878 πράγματα,
427 1793 488 1856 τὸν
511 1797 677 1856 οίκτιστον
696 1791 899 1856 ἀπολοῦνται
916 1793 1042 1875 τρόπον
1060 1787 1116 1856 ὑπ’
1134 1811 1160 1852 ιι

105 1899 231 1964 αὐτῶν·
254 1902 346 1963 ἔσται
368 1893 401 1981 γ’
429 1891 503 1962 οὐδ’
524 1921 605 1982 υμιν
628 1897 780 1981 ἀσφαλὴς
802 1897 821 1963 ὁ
844 1899 932 1982 βίος,
957 1889 1007 1974 οἷς
1029 1897 1119 1982 ἐνεγ-

105 2007 209 2089 γύησε
228 2005 412 2090 Ταρκύνιος
430 2005 488 2080 τάς
505 2002 628 2069 ἑαυτοῦ
647 2002 834 2089 θυγατέρας
854 2004 1002 2081 ἐκείνους
1020 2004 1119 2090 ὑπερ-

107 2112 200 2194 ιδών,
224 2111 283 2176 ἐὰν
307 2111 343 2176 οί
362 2110 589 2194 φονεύσαντες
613 2110 716 2175 αύτδν
739 2111 801 2194 τὴν
824 2112 931 2197 ἀρχὴν
953 2112 1120 2196 κατάσχω-

106 2232 175 2299 σιν,
209 2213 290 2282 ούδδ
321 2227 392 2293 τοῖς
425 2217 538 2293 άλλοις
565 2216 670 2281 αὐτοῦ
699 2219 811 2301 φίλοις
837 2214 894 2281 καὶ
922 2215 1119 2299 συγγενέσιν

105 2318 179 2388 οὐδ’
201 2323 281 2408 ἡμίν
309 2333 381 2399 ταῖς
408 2322 541 2399 ἀθλίαις
567 2321 734 2405 γυναιξίν·
772 2322 856 2386 ἀλλὰ
883 2322 1009 2397 πάντας
1034 2321 1120 2407 ἡμᾶς
1134 2341 1161 2381 ιο

106 2440 260 2514 φανερῶς
291 2451 327 2493 τε
358 2426 414 2493 καὶ
445 2428 558 2514 κρύφα
589 2429 804 2514 πειράσονται
833 2425 988 2493 διολέσαι.
1025 2424 1156 2497 ταῦτ’5

107 2531 168 2600 οὖν
188 2533 463 2619 ἐνθυμουμένους
480 2535 565 2618 ἡμᾶς
584 2536 637 2600 δεῖ
653 2535 697 2618 μη
716 2545 876 2621 περιορᾶν
894 2538 973 2613 τοὺς
992 2535 1120 2603 ἐκεῖνον

107 2641 363 2716 ἀποκτείναντας
381 2642 507 2726 ἄνδρας
525 2640 683 2717 ἀνοσίους
696 2639 751 2705 καί
765 2651 868 2707 πᾶσιν
882 2641 962 2726 ἡμῖν
976 2641 1120 2729 ἐχθροὺς

62 2748 277 2831 643τοσαύτην
305 2745 411 2831 ἀρχὴν
434 2746 676 2831 κτησαμένους,
704 2744 776 2812 ἀλλ’
804 2748 1042 2815 ἐναντιοῦσθαι
1065 2749 1120 2816 καὶ

105 2854 248 2919 κωλύειν
270 2860 335 2917 νῦν
359 2848 420 2936 μέν
444 2851 549 2938 ἀπάτη
573 2850 628 2917 καί
653 2855 741 2940 δόλφ
765 2853 1006 2939 χρησαμένους·
1044 2858 1118 2922 τού-
1133 2871 1160 2914 ²⁶

178 3042 424 3115 Ιδκρ<ι>σίανΒ
496 3045 648 3106 ῶπαιδίας
666 3044 713 3098 Ba
785 3046 948 3099 ῚαύτοῦΒ
1019 3055 1052 3102 10
1071 3048 1120 3101 καλ

105 3115 128 3167 Β
176 3112 242 3169 ούδδ
263 3114 288 3166 R
324 3111 389 3169 οὐδὲ
414 3113 603 3168 ἀσπάσασθαί
621 3135 686 3169 τινα
704 3115 783 3184 ἡμῶν
805 3115 841 3169 τδι
861 3114 892 3170 ἐσ
910 3137 964 3170 ατα
983 3119 1120 3186 δυνηθεὶς

107 3202 129 3241 ο.
150 3184 281 3238 Schnelle
299 3183 413 3240 exercit.
433 3186 493 3239 crit.
512 3203 540 3254 p.
557 3191 588 3239 12
664 3192 696 3240 12
716 3188 841 3241 λείπεται
859 3137 913 3239 Αδ
939 3197 942 3251 Ι
968 3188 1001 3243 οὐ
1021 3205 1074 3241 om.
1095 3189 1119 3238 A

107 3253 224 3379 {6131ss
246 3255 318 3309 τεΟ
350 3253 382 3310 δὲ
405 3255 507 3324 Pflugk
526 3273 579 3311 om.
602 3255 676 3309 Prou
701 3260 705 3322 Ι
731 3252 863 3326 ένεγύησε
886 3256 908 3309 Β
950 3258 1071 3327 ἠγγύησε
1095 3274 1118 3308 ο.

226 3318 357 3382 orf'Ann.
376 3326 445 3395 phil.
467 3332 534 3381 1869
550 3345 580 3415 φ.
593 3332 644 3380 831
691 3334 724 3382 21
745 3325 910 3400 δκο>λέσαι
928 3327 951 3378 Β
993 3333 1026 3379 23
1046 3327 1118 3378 ἀπο-

106 3399 270 3458 κτείνοντας
290 3399 312 3450 A
383 3404 417 3452 24
436 3415 625 3467 κτησομενους
643 3397 802 3466 Stephanus
