2414 3840
482 174 641 226 -ς-
1007 176 1070 242 331

42 335 104 412 ὀδες
127 334 262 416 αὐτούς,
286 333 368 398 ἀλλά
390 331 445 399 καὶ
467 344 536 399 τῶν
559 336 680 419 ἀλλων,
704 335 796 414 ὅσοις
819 336 837 402 ὁ
860 340 934 421 βίος
951 333 995 422 ἦν
1014 338 1071 425 ἀρ-

56 443 117 526 γὸς
138 440 159 524 ἢ
184 439 339 527 ῥάθυμος
359 439 380 524 ἢ
403 449 475 518 ταῖς
492 440 686 526 ἐπιθυμίαις
702 453 859 528 χορηγεῖν
878 444 939 529 οὐχ
959 445 1073 524 ίκανὸς

56 547 77 632 ἢ
105 557 266 633 πονηρῶν
292 546 560 631 ἐπιτηδευμάτων
589 549 732 632 ζηλωτὴς
759 547 780 634 ἢ
806 552 977 634 φθονερὸς
999 562 1071 630 ταῖς

58 652 181 738 ἑτέρων
205 653 371 738 εὐτυχίαις
391 652 412 738 ἢ
437 651 481 718 δι’
503 655 608 737 ἀλλην
630 655 706 718 τινά
724 655 903 741 συμφοράν
920 655 941 741 ἢ
961 658 1072 723 αίτίαν

57 759 240 845 ἀλλοτρίως
262 760 469 843 διακείμενος
490 767 530 844 τη
552 760 749 846 καθεστώσῃ
772 763 930 848 πολιτείᾳ.
1085 780 1098 820 5

124 864 324 930 XXXXVII.
352 869 429 943 Τοῖς
448 862 485 931 δὲ
500 868 686 951 πατρικίοις
699 865 736 931 έν
749 863 811 950 μέν
824 875 870 954 τῷ
885 870 1071 953 παραυτίκα

56 973 183 1059 ταραχὴ
207 969 340 1037 ἐνέπεσε
362 973 467 1056 πολλὴ
491 969 546 1037 καὶ
569 972 731 1056 ἔκπληξις,
754 970 810 1038 καὶ
828 973 873 1050 ἀς
890 974 1008 1039 αὐτίκα
1028 975 1069 1058 δὴ

56 1079 146 1165 μάλα
172 1089 240 1144 τῶν
267 1078 462 1144 ἀποστατῶν
489 1079 556 1162 άμα
583 1089 653 1156 τοῖς
680 1078 878 1145 ἀλλοεθνέσι
900 1083 1071 1164 πολεμίοις

57 1170 111 1250 ἐπὶ
134 1185 196 1268 τὴν
218 1187 317 1251 πόλιν
339 1184 488 1269 ἡξόντων
508 1183 591 1263 δέος.
628 1182 735 1251 ἔπειθ’
757 1186 803 1263 ὡς
820 1184 854 1266 ἐξ
873 1183 948 1264 ἑνὸς
965 1208 1070 1272 παρα-

55 1288 277 1375 κελεύσματος
313 1291 519 1377 άρπάσαντες
549 1293 590 1356 τά
621 1292 707 1357 ὅπλα
739 1295 804 1358 σὺν
834 1303 905 1369 τοϊς
936 1293 1071 1372 οίκείοις
1085 1313 1110 1352 ω

56 1395 189 1462 ἕκαστοι
211 1399 377 1481 πελάταις,
401 1399 437 1463 οί
456 1394 518 1482 μέν
540 1394 594 1463 ἐπὶ
616 1400 674 1475 τάς
697 1397 799 1476 ὁδοὺς
822 1397 861 1475 ἀς
882 1399 974 1482 ἥξειν
997 1398 1070 1465 ἐνύ-

56 1505 153 1586 μιζον
170 1505 250 1579 τοὺς
266 1505 446 1587 πολεμίους
462 1505 711 1588 παρεβοήθουν,
731 1503 767 1567 οί
783 1497 815 1567 δ’
835 1501 888 1568 ἐπὶ
905 1505 946 1568 τά
965 1506 1070 1590 φρού-

56 1632 114 1693 ρια
140 1613 291 1693 φυλακῆς
318 1607 415 1674 ἕνεκα
441 1620 510 1674 τῶν
537 1608 711 1693 ἐρυμάτων
738 1605 890 1692 ἐξῄεσαν,
919 1609 954 1674 οί
975 1604 1005 1674 δ’
1032 1610 1070 1676 έν

54 1725 126 1791 τοϊς
139 1713 369 1800 προκειμένοις
382 1723 439 1798 τῆς
451 1716 580 1791 πόλεως
593 1715 722 1792 πεδίοις
735 1712 1070 1800 ἐστρατοπεδεύοντο·

55 1821 132 1886 ὅσοι
155 1817 193 1885 δὲ
216 1823 272 1888 διά
293 1830 398 1907 γῆρας
420 1820 581 1886 ἀδύνατοι
603 1821 732 1887 τούτων
754 1844 786 1884 τι
808 1821 892 1905 δράν
909 1814 997 1903 ἦσαν
1015 1820 1069 1886 ἐπὶ
1083 1839 1109 1881 ιε

55 1937 126 2004 τοῖς
148 1930 290 2013 τείχεσιν
313 1926 476 2006 ἐτάξαντο.
519 1925 589 1993 ἐπεὶ
612 1923 650 1992 δὲ
671 1928 751 2003 τοὺς
773 1925 959 2004 ἀποστάτας
976 1925 1104 1994 κατέ-2

42 2038 171 2118 δμαθον
200 2033 277 2098 οὔτε
304 2043 373 2110 τοῖς
399 2035 570 2117 πολεμίοις
596 2029 882 2118 προστιθεμένους
908 2033 984 2098 ούτε
1007 2034 1069 2117 τὴν

55 2140 169 2226 χώραν
193 2141 359 2225 δῃοῦντας
381 2140 458 2205 οὔτε
481 2140 563 2205 ἀλλο
581 2139 788 2223 βλάπτοντας
807 2134 908 2203 ούδδν
927 2139 945 2204 ὅ
963 2139 1069 2205 τεκαὶ

56 2250 161 2331 λόγου
188 2245 297 2329 ἀξιον,
324 2255 386 2312 τοῦ
414 2243 512 2324 δέους
539 2245 740 2311 ἐπαύσαντο·
771 2244 827 2310 καὶ
849 2243 1069 2330 μεταθέμενοι

55 2356 115 2431 τάς
146 2353 295 2438 γνώμας,
327 2350 381 2437 ἐφ’
413 2345 501 2418 οἷστε
530 2353 808 2436 διαλλαγήσονται
830 2353 914 2437 πρὸς
936 2352 1069 2436 αὐτούς,
1084 2371 1110 2410 ιο

56 2460 235 2526 ἐσκόπουν·
276 2455 333 2523 καὶ
364 2455 550 2543 ἐλέχθησαν
582 2458 648 2523 ὑπὸ
680 2467 748 2522 τῶν
780 2455 977 2541 ἡγουμένων
1008 2466 1070 2522 τοῦ

57 2567 239 2651 συνεδρίου
271 2567 366 2648 λύγοι
396 2562 604 2630 παντοδαποὶ
640 2562 696 2629 καὶ
728 2569 884 2629 πλεῖστον
917 2563 1070 2647 ἀλλήλων

57 2672 232 2757 διάφοροι,
263 2670 478 2757 μετριώτατοι
509 2667 591 2754 <δὲ>
623 2666 679 2735 καὶ
705 2667 974 2754 πρεπωδέστατοι
999 2681 1072 2749 ταῖς

55 2778 243 2863 παρούσαις
268 2777 398 2861 τύχαις,
427 2774 486 2854 οδς
514 2777 550 2841 οί
572 2776 795 2862 πρεσβύτατοι
822 2774 933 2841 αὐτῶν
956 2776 1071 2856 έλεξαν

57 2883 282 2966 διδάσκοντες,
301 2883 346 2959 ὡς
364 2880 490 2968 οὐδεμᾷ
508 2883 606 2968 κακίᾳ
624 2883 796 2964 πεποίηται
811 2881 873 2964 τὴν
888 2880 1071 2948 ἀπόστασιν
1084 2899 1111 2941 ει

57 2986 113 3055 ἀπ’
136 2989 247 3054 αὐτῶν
270 2987 289 3054 δ
313 2989 427 3072 δῆμος,
451 2987 534 3052 ἀλλά
556 2988 597 3052 τά
619 2983 681 3070 μὲν
703 2986 768 3051 ὑπὸ
791 2996 858 3050 τῶν
880 2985 1071 3071 ἀναγκαίων

54 3103 243 3180 συμφορῶν
270 3096 438 3177 βιασθείς,
466 3094 507 3158 τά
535 3089 565 3158 δ’
592 3090 657 3157 ὑπὸ
685 3101 751 3156 τῶν
775 3093 977 3176 συμβούλων
1000 3092 1071 3176 ἐξη-

128 3293 144 3341 9
164 3285 431 3357 παρακελεύσματας
446 3283 468 3339 O
488 3283 522 3339 cf.
537 3282 692 3338 Ambrosoh
711 3281 780 3336 adl.
794 3281 821 3335 H
835 3289 901 3337 144
943 3287 974 3335 11
995 3280 1069 3336 καθ’

53 3358 90 3422 ἃς
109 3372 132 3412 ο.
151 3356 254 3412 Portus
334 3361 368 3412 20
388 3351 436 3425 ἐφ’
453 3352 549 3417 οῐςτισι
572 3370 595 3408 c.
615 3353 704 3409 Cobet
723 3353 788 3408 Obs.
806 3358 902 3422 p.121
984 3357 1018 3406 23
1038 3349 1070 3407 δὲ

52 3428 122 3486 αδδ
142 3427 266 3498 Sylburg
