2414 3840
510 186 668 236 -ς,

84 347 126 412 τά
139 345 237 410 κοινά
250 346 423 421 τοιούτους
439 343 577 422 ἑαυτοὺς
589 345 745 431 παρέχειν
758 349 961 432 πρεσβευτάς
970 348 1100 414 εἵλοντο

86 450 166 516 δέκα
184 454 264 527 τοὺς
283 450 563 535 ἐπιφανεστάτους
576 461 643 517 τῶν
657 451 902 539 πρεσβυτέρων,
921 454 1012 531 ἐκτὸς
1027 453 1101 530 ἑνὸς

84 559 233 634 ἅπαντας
262 557 451 634 ὑπατικούς.
498 560 534 623 οί
562 556 592 622 δ’
620 557 874 644 ἀποδειχθέντες
901 557 988 644 ἦσαν
1016 561 1100 626 οίδε·

82 659 263 749 Ἀγρίππας
295 667 467 747 Μενήνιος
498 667 604 728 Γαίου
640 665 714 741 υίὸς
745 666 930 750 Λαινάτης,
967 668 1102 743 Μάνιος

87 768 270 855 Οὐαλέριος
295 769 513 835 Οὐολούσσου
536 770 609 847 υίὸς
626 821 722 836 .....
738 774 888 849 Πόπλιος
902 775 1122 857 Σερουίλιοςι

32 879 242 942 198Ποπλίου
259 877 333 952 υίὸς
340 926 458 942 ......
473 879 622 953 Πόπλιος
637 878 849 961 Ποστούμιος
862 882 1010 944 Κοίντου
1029 881 1101 956 υίὸς

89 984 291 1068 Τούβερτος,
331 986 428 1058 Τῖτος
459 983 640 1064 Αἰβούτιος
678 986 779 1048 Τίτου
814 985 889 1061 υίὸς
923 986 1100 1066 Φλαούιος,

84 1087 230 1173 Σέρβιος
258 1091 438 1165 Σολπίκιος
467 1091 622 1154 Ποπλίου
652 1090 725 1167 υίὸς
751 1093 956 1176 Καμερῖνος,
988 1086 1101 1168 Αὖλος

85 1195 300 1278 Ποστούμιος
322 1196 477 1260 Ποπλίου
500 1195 574 1271 υίὸς
596 1195 741 1279 Βάλβος,
768 1191 881 1274 Αὖλος
904 1197 1101 1281 Οὐεργίνιος

85 1302 204 1367 Αύλου
234 1301 307 1378 υίὸς
334 1304 609 1385 Καιλιμοντανός.
654 1303 736 1386 μετά
761 1311 865 1368 ταῦτα
893 1311 951 1386 τής
978 1278 1137 1405 βουλήςὲ

89 1408 307 1490 διαλυθείσης
330 1407 365 1471 οί
384 1404 446 1491 μὲν
467 1407 588 1472 ύπατοι
610 1411 834 1494 προελθόντες
857 1411 904 1486 είς
923 1408 1100 1494 ἐκκλησίαν

84 1514 125 1577 τὸ
149 1514 255 1597 δόγμα
278 1521 334 1596 τής
357 1516 480 1597 βουλῆς
503 1512 696 1596 ἀνέγνωσαν
719 1512 775 1578 καὶ
797 1517 877 1591 τούς
898 1518 1101 1599 πρεσβευτάς
1149 1561 1154 1569 ·

51 1692 56 1700 ¹
85 1620 295 1703 παρήγαγον·
332 1617 488 1684 ἁπάντων
518 1613 551 1683 δ’
578 1617 761 1696 ἀξιούντων
793 1620 852 1696 τάς
881 1619 1030 1702 ἐντολάς,
1063 1619 1101 1696 ἃς

86 1726 217 1790 ἔδωκαν
236 1725 359 1808 αὐτοῖς,
379 1731 513 1809 μαθεῖν,
532 1719 627 1790 εἷπον
646 1724 684 1790 ἐν
701 1726 746 1812 τῷ
766 1732 914 1812 φανερῷ,
933 1725 1101 1810 πράττειν,

87 1830 153 1917 ότφ
177 1829 220 1895 ἀν
242 1833 353 1918 τρόπφ
378 1831 557 1913 δύνωνται,
581 1831 698 1915 φιλίαν
721 1838 765 1918 τῷ
791 1832 884 1918 δήμφ
909 1828 1101 1895 συνθέσθαι
1110 1856 1136 1897 15

85 1937 169 2022 πρὸς
186 1939 265 2013 τοὺς
282 1937 475 2019 πατρικίους
494 1938 571 2021 άτερ
591 1936 694 2002 δόλου
712 1934 767 2001 καὶ
787 1936 913 2020 άπάτης
930 1934 985 2001 καὶ
1004 1959 1101 2001 κατα-

85 2052 202 2125 γαγείν
224 2045 304 2119 τοὺς
327 2043 512 2127 φεύγοντας
535 2039 590 2107 ἐπὶ
610 2042 651 2107 τά
674 2041 817 2128 σφέτερα
840 2041 877 2107 ἐν
900 2042 998 2126 τάχει.

153 2147 250 2214 ΙιΧΧ.
281 2149 409 2225 Ταύτας
432 2150 468 2213 οί
486 2145 639 2232 πρέσβεις
658 2146 782 2233 <παρ’>
807 2148 917 2213 αὐτῶν
941 2149 1101 2231 λαβόντες

83 2255 143 2330 τάς
179 2253 315 2332 ἐντολάς
350 2253 544 2340 αὐθημερὸν
577 2253 723 2339 ἐξῄεσαν.
773 2255 935 2339 φθάσασα
967 2250 1004 2319 δὲ
1038 2255 1101 2337 τήν

32 2362 274 2446 199ποιρουσίαν
301 2361 412 2426 αὐτῶν
439 2361 461 2445 ἡ
489 2363 582 2445 φήμη
607 2362 772 2445 διήγγειλε
794 2371 864 2437 τοῖς
887 2358 941 2425 ἐπὶ
963 2376 1136 2444 στρατο-εο

157 2521 175 2568 4
195 2518 302 2572 Γαυίου
316 2517 340 2569 Β
355 2520 360 2588 Ι
376 2514 437 2581 υίὸς
456 2517 471 2571 ὁ
485 2514 628 2586 Λαινάτης
642 2517 664 2569 Β
680 2519 685 2586 Ι
701 2517 788 2572 verba
800 2514 943 2584 Λαινάτης
960 2532 1046 2584 usque
1065 2517 1101 2570 ad

86 2585 148 2649 υἱὸς
165 2605 192 2643 v.
212 2595 227 2643 6
252 2604 305 2643 om.
325 2587 347 2641 Ο
370 2590 484 2657 praeter
506 2588 530 2640 B
554 2589 589 2643 cf.
613 2587 741 2642 Niebuhr
762 2586 836 2642 Hist.
862 2589 933 2641 Rom
950 2587 977 2640 H
999 2605 1027 2656 p.
1049 2594 1099 2642 132

85 2660 146 2712 not.
161 2664 213 2712 247
286 2665 302 2714 5
324 2659 537 2714 ΟύελούσσουΒ
556 2659 695 2726 lacunam,
715 2658 745 2712 in
763 2674 820 2727 quc
837 2656 984 2712 intercidit
997 2674 1099 2728 cogno-

85 2745 153 2782 men
165 2728 275 2783 Valerii
288 2728 466 2792 Ποπλικόλας
484 2731 513 2784 et
529 2745 633 2784 nomen
651 2729 740 2800 legaffi
757 2727 843 2795 tertii,
862 2728 983 2783 fortasse
1001 2729 1100 2798 Larffi,

87 2798 262 2868 significavit
279 2799 436 2869 Kiessling3
456 2799 491 2857 cf.
510 2794 693 2869 Sylburgium
710 2803 741 2854 ct
758 2800 875 2854 Portum
938 2805 954 2854 6
973 2803 1100 2856 Ποπλίου
1159 2856 1162 2861 ,

86 2867 149 2933 υίὸς
167 2871 342 2941 Ποστούμιος
360 2871 386 2924 Α
412 2874 452 2925 Σε
471 2873 576 2933 ουίλιος
588 2870 713 2933 Πόπλιος
725 2870 901 2941 Ποστούμιος
918 2870 941 2922 Β
960 2873 1100 2940 lacunam,

86 2941 119 2994 in
137 2956 194 3008 qua
211 2957 367 3011 cognomen
383 2892 495 2996 Servfiii
508 2942 631 3013 Πρίσκος
645 2945 674 2996 et
686 2957 788 2997 nomen
801 2941 892 3010 legati
905 2941 999 3009 quinti
1013 2943 1101 2997 intor-

87 3012 226 3081 ciderunt,
253 3012 442 3082 Kicsslingius
470 3011 642 3082 significavit
665 3012 781 3068 Gelenio
810 3016 839 3067 ct
867 3013 953 3068 Porto
982 3013 1100 3067 ducibus

88 3091 104 3139 7
126 3083 321 3146 ΦλαύουιοςΒ
380 3082 622 3154 8ΚοιμερήνοςΒ
680 3090 713 3138 10
732 3083 782 3139 καὶ
800 3084 977 3155 νοομεντανδς
993 3084 1019 3135 Α
1055 3101 1102 3137 κε-

86 3154 260 3223 νομεντανδς
278 3155 325 3207 Ba
352 3154 401 3209 καὶ
419 3153 590 3223 νομεντανὸς
608 3154 655 3208 Bb
683 3155 898 3225 καιλιμοντανδς
915 3154 1016 3207 Portus
1068 3159 1100 3206 13

69 3248 80 3292 ξ
86 3223 251 3296 προήγαγον
266 3224 288 3279 0
325 3225 491 3295 παρήγαγον
506 3223 630 3279 Sinbenis
644 3225 704 3282 Em.
718 3225 800 3280 Dion.
811 3227 851 3280 ΙΙΙ
862 3231 895 3279 22
912 3227 916 3292 Ι
933 3222 1100 3295 διίβαξιούν-

86 3316 144 3351 τιον
162 3296 209 3349 Ba
282 3301 314 3351 15
334 3297 472 3352 δύνανται
490 3295 513 3350 Β
530 3298 533 3366 λ
551 3294 712 3352 συνθέσθαι
736 3297 790 3351 del.
810 3295 899 3350 Cobet
917 3292 982 3347 Oba.
1000 3311 1028 3362 p.
1049 3299 1100 3349 127

88 3373 124 3490 1}
143 3367 205 3491 ουρ)
217 3365 296 3437 τάχει
319 3386 341 3422 ο.
366 3367 467 3422 Garrer
491 3368 555 3423 obs.
574 3386 602 3437 p.
618 3373 652 3423 74
743 3372 776 3422 18
795 3363 864 3437 παρ’
886 3364 978 3418 αὐτῶν
996 3363 1100 3419 Reiske

86 3458 106 3491 α
125 3457 164 3491 τω
