2414 3840
501 191 665 242 -Ε-
1030 187 1094 252 143

77 351 288 436 κατηγορήσῃ
307 357 390 415 πᾶσι
403 345 583 436 Ῥωμαίοις.
620 348 844 435 ἀπολογηθεὶς
863 347 900 416 δὲ
914 348 969 416 καλ
982 353 1098 429 πείσας
1111 354 1133 419 2

79 452 240 540 ἅπαντας,
272 456 317 534 ὡς
344 455 449 522 οὐδὲν
476 455 571 536 ἀξιον
598 463 767 543 εἴργασται
796 466 920 542 φυγῆς,
949 456 1008 523 έάν
1035 455 1097 543 μὲν

82 562 251 630 ἀποδῶσιν
278 563 368 652 αὐτῷ
395 564 459 648 τήν
486 567 658 648 βασιλείαν
686 558 801 648 αὖθις,
829 562 942 651 άρξειν
970 559 1024 649 ἐφ’
1047 556 1097 642 οἷς

81 667 122 736 διν
143 670 305 757 ὁρίσωσιν
329 670 365 736 οί
383 674 516 736 πολῖται
539 671 695 754 δικαίοις,
724 669 782 736 ἐὰν
806 668 844 736 δὲ
866 669 980 757 μηκέτι
1003 675 1097 756 βασι-

85 778 238 844 λεύεσθαι
259 787 486 863 προαιρῶνται
503 777 656 863 καθάπερ
675 780 876 862 ἔμπροσθεν,
896 773 965 843 ἀλλ’
981 776 1124 864 ἑτέρανε

84 885 154 950 τινδ
190 886 464 968 καταστήσασθαι
496 887 681 967 πολιτείαν,
719 883 830 969 μένων
863 884 900 949 ἐν
931 893 971 969 τῇ
1002 887 1097 950 πόλει

48 989 218 1076 δῖῖπατρίδι
240 990 325 1077 ούση
349 988 404 1056 καὶ
426 991 487 1056 τὸν
511 991 600 1056 ῖδιον
624 985 717 1056 οἷκον
737 993 822 1075 ἔχων
840 991 1097 1056 πολιτεύσεσθαι

86 1099 161 1182 μετὰ
183 1097 321 1163 πάντων
344 1096 377 1176 ἐξ
401 1102 487 1180 ίσον,
511 1105 621 1181 φυγῆς
644 1092 679 1161 δ’
705 1096 917 1181 ἀπηλλάχθαι
940 1095 994 1162 καὶ
1017 1098 1098 1163 πλά-

84 1227 147 1287 νης.
184 1211 289 1268 ταῦτα
312 1200 539 1281 διεξελθόντες
562 1200 695 1269 ἐδέοντο
718 1213 777 1288 τῆς
798 1206 932 1288 βουλῆς,
956 1204 1132 1289 μάλιστα3

47 1332 55 1351 ⁹
85 1305 140 1395 μὲν
171 1309 229 1374 διὰ
259 1309 298 1375 αδ
326 1310 473 1392 δίκαιον,
506 1309 524 1374 ὃ
551 1319 654 1375 πᾶσιν
681 1308 876 1396 ἀνθρώποις
901 1309 1096 1396 καθέστηκε,
1112 1330 1138 1370 10

85 1414 213 1500 μηθένα
234 1418 339 1500 λόγον
359 1413 415 1481 καλ
432 1419 572 1502 κρίσεως
590 1415 796 1502 ἀποστερεῖν,
820 1427 1033 1504 συγχωρήσαι
1050 1428 1096 1508 τῷ

86 1521 180 1610 ἀνδρί
207 1523 270 1608 τήν
297 1521 496 1606 ἀπολογίαν,
524 1518 564 1606 ἧς
592 1519 687 1588 αύτολ
710 1525 909 1608 γενήσονται
932 1526 1097 1591 δικασταί·

86 1632 114 1695 εί
137 1627 169 1696 δ’
193 1629 309 1718 έκείνφ
336 1629 462 1713 ταύτην
490 1629 531 1695 ού
558 1629 739 1713 βούλονται
763 1630 882 1695 δοῦναι
904 1632 966 1714 τήν
988 1633 1097 1716 χάριν,

86 1746 137 1822 αής
159 1734 322 1822 δεομένης
339 1732 423 1822 ὑπὲρ
444 1736 549 1802 αὐτοῦ
567 1738 694 1812 πόλεως
713 1734 809 1801 ἕνεκα
827 1736 1009 1820 μετριάσαι,
1034 1739 1098 1802 δω-

90 1845 162 1928 ρεὰν
195 1843 280 1928 αύτή
307 1843 479 1926 διδόντας,
507 1841 540 1922 έξ
569 1837 608 1926 ής
632 1838 735 1907 οὐδὲν
759 1840 854 1908 αὐτοὶ
877 1845 1099 1929 βλαπτόμενοι
1113 1860 1138 1902 1⁵

88 1951 229 2035 μεγάλην
259 1948 395 2029 δόξουσι
422 1950 521 2036 τιμὴν
543 1953 785 2015 κατατίθεσθαι
807 1959 846 2035 τῇ
870 1952 1098 2036 λαμβανούσῃ,

73 2057 287 2151 Ιἀνθρώπους
314 2050 346 2120 δ’
368 2057 467 2133 όντας
493 2052 600 2141 μηδὲν
628 2052 711 2142 ὑπὲρ
738 2056 800 2140 τήν
828 2056 934 2141 φύσιν
956 2057 1018 2139 τήν
1042 2056 1098 2121 ἀν-

88 2167 262 2251 θρωπίνην
295 2172 436 2248 φρονεῖν
466 2157 546 2247 μηδ’
576 2161 769 2238 ἀθανάτους
796 2164 884 2246 ἔχειν
912 2163 970 2239 τὰς
997 2162 1099 2248 ὀργάς

89 2271 120 2337 ἐν
139 2277 284 2356 θνητοῖς
306 2271 468 2355 σάμασιν,
492 2269 575 2334 ἀλλὰ
597 2266 653 2334 καλ
675 2269 765 2354 παρὰ
787 2268 925 2353 γνώμην
947 2266 978 2333 τὶ
997 2269 1097 2354 πράτ-

86 2400 149 2446 τειν
172 2373 314 2455 έπιεικδς
336 2377 513 2462 ὑπομείναι
535 2386 603 2441 των
627 2373 795 2460 δεομένων
818 2374 927 2460 χάριν,
951 2372 1097 2458 ένθυμη-
1112 2391 1138 2432 ιο

87 2485 214 2570 θέντας,
239 2484 290 2549 ὅτι
313 2486 489 2568 φρονίμων
512 2477 574 2566 μὲν
597 2480 789 2567 ἀνθρώπων
812 2483 912 2566 ἔργον
935 2476 1004 2546 ἐστὶ
1026 2490 1098 2557 ταῖς

86 2594 209 2676 φιλίαις
239 2591 433 2675 χαρίζεσθαι
460 2588 518 2664 τὰς
541 2589 678 2672 ἔχθρας,
705 2587 857 2671 ἀνοήτων
880 2582 918 2651 δὲ
940 2584 995 2652 καὶ
1018 2589 1098 2673 βαρ-

86 2699 196 2786 βάρων
219 2707 290 2773 τοῖς
313 2695 449 2781 ἐχθροῖς
470 2704 687 2781 συναναιρεῖν
709 2696 787 2772 τοὺς
810 2696 939 2778 φίλους.

34 2819 85 2885 352
146 2824 190 2890 V.
229 2826 372 2887 Τοιαῦτα
399 2818 565 2899 λεξάντων
594 2820 704 2885 αὐτῶν
732 2819 875 2897 ἀναστάς
902 2818 920 2883 ὁ
948 2822 1098 2905 Βροῦτος

88 2933 146 3016 ἔφη
179 2925 266 3015 Περὶ
298 2924 360 3013 μέν
392 2927 528 2992 είσόδου
562 2928 758 3011 Ταρκυνίων
790 2929 836 3002 είς
866 2926 967 3008 τήνδε
998 2927 1097 2990 πόλιν
1111 2941 1137 2982 2⁵

87 3037 270 3119 παύσασθε,
284 3035 406 3120 ἀνδρες
420 3036 598 3119 Τυρρηνοί,
612 3033 652 3097 τά
665 3034 766 3097 πλείω
782 3029 941 3115 λέγοντες.
963 3030 1097 3115 ἐπῆκται

90 3145 146 3230 γὰρ
179 3144 244 3228 ήδη
273 3149 386 3226 ψῆφος
414 3139 525 3205 ἀίδιον
553 3136 624 3205 κατ’
652 3139 762 3204 αὐτῶν
789 3138 945 3225 ὁρίζουσα
973 3139 1096 3223 φυγήν,

156 3387 374 3512 ΙκατηγορχΒ
438 3386 632 3442 δάποδώοειν
651 3386 697 3439 Ba
759 3377 846 3438 4έδιν
864 3382 916 3434 ΑΒ
980 3386 999 3460 ,7
1018 3378 1096 3454 πολι-

94 3462 234 3519 τεύσεσθαι
247 3462 315 3516 Rem
337 3475 362 3528 ο,
379 3458 580 3514 πολιτεύεσθαι
599 3458 621 3514 Ο
665 3462 698 3512 26
718 3450 902 3521 έπενήνειιται
916 3467 938 3505 ο.
953 3447 1097 3508 K1essl1ng
