2414 3840
523 193 685 242 -Δ-
1070 187 1114 253 23

88 356 171 431 τοὺς
194 352 360 438 φυγάδας.
396 353 438 416 τά
460 353 540 436 μετὰ
558 360 661 417 ταῦτα
679 351 799 428 πάντες
818 356 887 416 ῖστε
906 352 1025 434 δήπου,
1049 349 1149 416 κάν4

42 460 161 544 σοῖέγὼ
190 461 236 544 μη
269 455 371 542 λέγω,
410 458 461 523 ὅτι
488 443 639 544 Μάρκιοι
666 461 971 544 συλλαμβανόντων
999 456 1113 534 αὐτοῖς

90 578 160 632 τῶν
183 568 369 652 πατρικίων
391 568 610 650 κατασχόντες
631 567 672 630 τά
694 565 869 651 πράγματα
892 566 968 650 δίχα
991 568 1111 647 πόνου,

91 684 229 760 πρῶτον
260 668 322 757 μέυ
350 667 407 756 ἐμέ
436 673 495 737 τὸν
523 671 657 756 φύλακα
683 682 750 737 τῶν
778 670 943 755 βασιλέων
970 669 1025 738 καλ
1053 673 1112 748 τάς

91 778 164 846 κατ’
191 780 304 844 αὐτῶν
335 777 609 862 ἐπιτελεσάμενον
637 779 731 856 δίκας
760 781 898 863 ἔμελλον
926 779 1138 865 ἀναρπάσεῡ

93 893 192 968 σθαι,
217 887 327 950 ἔπειτα
349 882 444 949 ταυτὶ
466 885 506 948 τά
528 885 645 949 παιδία
667 882 722 949 καὶ
746 886 824 962 τοὺς
846 886 968 962 ἀλλους
991 901 1111 969 συγγε-

92 1003 163 1069 νεῖς
185 1015 222 1057 τε
240 989 296 1056 καλ
314 994 435 1076 φίλους
452 992 642 1077 Ταρκυνίου
660 991 787 1068 πάντας
804 991 972 1077 ἀρεῖσθαι·
995 1002 1111 1074 γυναῖ-

91 1123 154 1177 κας
181 1096 213 1162 δ’
236 1097 331 1183 ἡμῶν
358 1094 414 1162 καλ
441 1095 584 1183 μητέρας
610 1094 665 1162 καλ
692 1097 882 1184 θυγατέρας
904 1093 960 1161 καλ
982 1105 1050 1163 πᾶν
1072 1099 1110 1164 τὸ

89 1210 184 1288 θῆλυ
212 1202 310 1287 γένος
336 1202 374 1268 ἐν
402 1203 625 1289 ἀνδραπόδων
652 1207 856 1287 ποιήσασθαι
884 1206 988 1290 λόγῳ,
1022 1206 1109 1269 πολὺ

90 1314 128 1376 τὸ
157 1310 327 1396 θηριῶδες
354 1311 484 1393 ἔχοντες
507 1308 544 1374 ἐν
567 1317 606 1394 τῇ
630 1310 731 1393 φύσει
752 1307 808 1375 καὶ
830 1311 1041 1395 τυραννικόν.
1079 1289 1150 1403 εἰῇ,

90 1415 155 1502 μὲν
175 1412 239 1482 οὖν
257 1414 312 1481 καὶ
330 1416 410 1500 ύμῖν
428 1423 530 1481 ταῦτα
549 1415 768 1500 βουλομένοις
786 1416 886 1500 ἐστίν,
911 1413 937 1481 ὦ
958 1417 1110 1501 δημόται,

88 1527 173 1600 τοὺς
200 1520 263 1608 μὲν
290 1522 526 1607 ἀνδροφόνους
553 1521 707 1605 κατάγειν
730 1521 785 1588 καλ
808 1527 955 1607 βασιλεῖς
978 1523 1111 1589 ἀποδει-

90 1632 226 1712 κνύναι,
250 1631 328 1704 τοὺς
351 1623 388 1693 δέ
410 1638 477 1691 τῶν
500 1627 682 1713 εὐεργετῶν
705 1630 826 1706 παῖδας
848 1628 1037 1706 ἐξελαύνειν
1055 1629 1110 1695 καλ

90 1739 155 1820 τὴν
182 1735 248 1800 ὑπὸ
275 1741 336 1798 τοῦ
361 1733 497 1799 πάππου
524 1739 807 1818 καταλειφθεῖσαν
831 1734 937 1820 ἀρχὴν
960 1734 1110 1821 ἀφαιρεῖ-

91 1851 187 1925 σθαι,
212 1838 390 1926 στέρξομεν
412 1841 474 1923 την
491 1841 605 1924 τύχην.
638 1840 822 1926 ἀλλὰπρὸς
840 1840 997 1906 ἀπάντων
1015 1848 1108 1907 θεῶν
1123 1860 1148 1899 15

90 1973 126 2014 τε
154 1944 211 2013 καὶ
239 1947 425 2031 δαιμόνων,
453 1947 527 2012 ὅσοι
554 1947 614 2012 τὸν
642 1946 862 2032 ἀνθρώπινον
886 1947 1107 2015 ἐποπτεύουσι

91 2059 185 2139 βίον,
219 2053 321 2118 ι’κέται
350 2054 470 2130 πάντες
496 2053 592 2137 ὑμῶν
620 2057 793 2138 γινόμενοι
820 2057 885 2120 σὺν
912 2055 1049 2139 γυναιξί
1072 2079 1108 2121 τε

90 2159 147 2226 καὶ
174 2159 304 2237 τέκνοις
331 2157 405 2225 ἀντὶ
431 2164 566 2225 πολλῶν
593 2159 669 2245 μέν,
703 2155 751 2225 ὧν
782 2162 968 2246 Ταρκύνιος
996 2162 1014 2226 ὁ
1041 2173 1109 2226 τῶν

89 2269 237 2334 παιδίων
259 2267 391 2343 πάππος
413 2261 451 2330 εὖ
474 2276 581 2331 ποιῶν
604 2266 690 2350 ὑμᾶς
714 2265 907 2349 διετέλεσεν,
932 2264 1006 2331 ἀντὶ
1028 2273 1108 2331 πολ-

42 2381 164 2442 οοολῶυ
199 2372 251 2456 δέ,
284 2368 332 2438 ὧν
364 2372 464 2448 αὐτὸς
496 2371 559 2455 ἐγδο
591 2375 673 2437 κατά
700 2374 762 2455 την
790 2372 934 2457 ἐμαυτοῦ
962 2373 1109 2457 δύναμιν
1122 2392 1149 2432 2⁰

91 2484 255 2566 ἐγενόμην
287 2480 368 2563 ύμῖν
401 2481 577 2564 χρήσιμος,
612 2478 768 2564 ἀξιοῦμεν
799 2478 884 2563 ὑμᾶς
915 2482 995 2564 μίαν
1026 2479 1107 2565 ἡμῖν

92 2591 213 2654 δοῦναι
244 2588 369 2669 ταύτην
402 2586 547 2671 δωρεάν,
581 2587 732 2671 φαυεράν
761 2595 898 2669 ποιῆσαι
923 2587 984 2670 τὴν
1012 2587 1107 2672 ὑμῶν

90 2696 203 2761 αὐτῶν
230 2692 378 2776 γνώμην.
415 2692 447 2755 εῖ
472 2692 536 2776 γάρ
564 2689 698 2777 ἑτέρους
724 2693 817 2768 τινάς
841 2690 1142 2780 ἀξιονικοτέρουςό

90 2802 186 2885 ημῶν
218 2798 421 2881 ὑπειλήφατε
450 2791 536 2862 εἶναι
562 2797 683 2880 ταύτης
710 2805 768 2880 τῆς
794 2806 891 2882 τιμῆς
916 2801 1105 2885 τυγχάνειν,

162 3033 179 3081 5
198 3024 423 3094 ἀναρπάσασθαι
440 3025 462 3079 Ο
482 3042 551 3081 corr.
567 3024 656 3080 Cobet
670 3025 735 3080 Obs¹
750 3045 777 3096 p.
793 3033 826 3081 77
845 3026 975 3081 Hertlein
987 3028 1104 3084 Hermes

88 3099 182 3154 X412
262 3094 441 3166 Ὶαέρεῐσθαι
455 3096 502 3150 Bb
539 3095 744 3166 αἰρεῖσθαιΒθι
776 3098 999 3165 ἀναιρεῖσθαιῖλ
1030 3102 1108 3170 ἀρεῖ-

88 3174 162 3226 σθαι
181 3167 272 3222 Cobet
286 3167 350 3222 obs.
364 3187 391 3238 p.
408 3174 441 3222 78
478 3169 643 3222 ἀνελεῖσθαι
661 3168 791 3222 Herblein
809 3168 926 3222 Hermes
945 3169 971 3221 X
984 3177 1036 3224 412
1090 3178 1106 3226 8

87 3241 189 3310 δήμων
207 3238 231 3290 Β
304 3244 336 3291 11
356 3238 406 3292 καὶ
424 3238 488 3293 add.
508 3239 530 3291 Β
547 3241 551 3307 Ι
572 3237 675 3308 δημότε
689 3239 747 3305 Βκς
773 3238 938 3308 saepissime
956 3256 1007 3307 pro
1027 3261 1058 3293 αι
1076 3241 1106 3293 in

88 3311 135 3365 Ba
161 3309 269 3379 legitur
288 3328 314 3375 ε,
337 3309 413 3377 quod
430 3309 550 3379 posthac
568 3327 626 3364 non
643 3309 749 3364 notabo
835 3315 868 3363 14
887 3309 1107 3376 καταλιφθήσαν

87 3382 135 3435 Ba
196 3385 245 3504 [15
264 3383 390 3503 tedgeffiv
408 3380 457 3434 καὶ
476 3381 529 3433 ΑΒ
594 3387 625 3434 17
645 3378 759 3435 πάντων
779 3398 801 3434 ο.
821 3378 925 3432 Reiske
942 3379 946 3446 ί
961 3396 996 3431 τε.
1010 3393 1063 3432 om.
1083 3379 1106 3430 B

122 3458 161 3508 24
180 3466 292 3506 εναιε,
334 3451 380 3504 ,Β
