2414 3840
96 151 162 218 236
523 158 688 207 -ω-

62 311 152 381 3καὶ
175 316 407 402 συγκαταγάγῃ
436 317 624 402 Ταρκύνιον
648 315 701 382 ἐπὶ
724 317 785 400 τὴν
809 316 923 402 άρχην.
968 316 1070 394 έωςο

97 425 145 488 ἔτι
168 425 290 505 λόγους
313 421 369 488 καὶ
393 423 527 500 ἀπειλάς
546 417 642 506 εἶναι,
665 423 816 508 πονηρὸν
835 417 867 487 θ’
890 425 993 508 ἔργον
1012 426 1070 508 μηί

98 529 163 595 ὑπὸ
190 538 252 594 τοῦ
281 530 390 613 δήμου
412 526 603 612 γεγονέναι,
627 528 758 613 φθάσαι
779 535 820 613 τῇ
843 531 990 617 βοηθείᾳ
1013 544 1070 594 τατ

97 637 158 701 τὸν
182 636 291 720 δῆμον
314 636 361 713 είς
383 637 423 700 τά
445 635 621 720 πράγματα
643 633 992 720 προοικειωσαμένους
1012 656 1070 722 παρ

69 765 160 824 ενει,
185 742 263 807 οὔτε
285 742 437 827 πρώτους
459 743 497 806 τὸ
519 743 702 826 πολίτευμα
724 749 824 806 τοῦτο
847 742 1070 827 καθισταμέν(

99 848 176 914 οὔτε
214 850 378 934 αἰσχύνην
414 849 490 912 τινά
522 844 567 913 δι’
599 847 680 913 αὐτὸ
712 848 860 932 μεγάλην
893 846 1070 931 ὀφλησοντ

97 954 181 1021 ἀλλά
204 958 350 1032 πολλοὺς
373 957 508 1039 ἔχοντας
531 952 690 1032 ἐπιδεῖξαι
712 951 768 1019 καὶ
790 962 890 1019 τοῦτο
913 954 1070 1040 ὑπομείνι

97 1086 155 1141 τας
177 1061 234 1156 καὶ
256 1063 340 1129 άλλα
363 1066 475 1148 πολλῷ
497 1061 621 1127 τούτου
644 1061 869 1145 χαλεπώτερα,
900 1061 983 1126 ὅταν
1006 1068 1070 1146 μηθ

99 1167 154 1253 ἐξῇ
177 1169 333 1254 πράττειν
357 1167 485 1254 ἕτερον·
518 1168 576 1244 τάς
592 1168 656 1253 γάρ
676 1165 822 1250 ἀνάγκας
839 1169 1012 1252 κρείττους
1031 1162 1070 1232 ελι

60 1301 86 1341 10
100 1283 159 1357 τῆς
182 1273 399 1359 ἀνθρωπίνης
422 1274 565 1357 φύσεως,
589 1270 704 1339 καὶτὸ
729 1268 889 1359 εὐπρεπές
904 1276 980 1338 τότε
999 1271 1070 1351 άξιο

98 1381 245 1457 ἅπαντας
267 1390 413 1462 σκοπεῖν,
438 1379 518 1445 ὅταν
541 1381 662 1465 ἔχωσιν
683 1379 749 1463 ἤδη
771 1379 809 1443 τὸ
833 1376 989 1462 άσφαλές.

165 1484 264 1550 LXV.
292 1480 617 1571 Ἐξαριθμησάμενος
645 1480 682 1550 δὲ
708 1485 816 1550 πολλά
842 1483 898 1550 καὶ
921 1484 959 1550 ἐκ
981 1490 1069 1552 πολλ

98 1593 347 1677 παραδείγματα
369 1594 500 1656 πόλεων
522 1593 715 1656 τελευταίαν
735 1589 914 1676 παρέσχετο
933 1592 997 1675 την
1017 1589 1070 1658 Ἀθ

99 1700 206 1765 ναίων
228 1702 328 1765 πόλιν
351 1700 509 1783 μεγίστου
531 1700 605 1762 τότε
627 1697 860 1781 τυγχάνουσαν
879 1696 1045 1781 ὀνόματος
1064 1724 1070 1764 ι

58 1830 85 1872 ιτ
99 1809 215 1892 σοφίηι,
239 1805 280 1871 οὐ
303 1807 368 1891 πρὸ
390 1808 524 1869 πολλῶν
547 1806 692 1888 χρόνων,
716 1802 800 1869 άλλά
821 1804 904 1868 κατά
921 1805 1002 1882 τοὺς
1022 1827 1070 1871 πα

99 1936 161 1998 ρας
189 1911 300 1978 αὐτῶν
328 1911 450 1996 άφεσιν
477 1919 585 1994 χρεῶν
612 1906 851 1993 ψηφισαμένην
877 1919 949 1986 τοῖς
978 1909 1070 1998 άπόρ

98 2022 258 2095 Σόλωνος
289 2014 585 2100 καθηγησαμένου,
618 2011 674 2079 καὶ
706 2013 834 2080 οὐθένα
865 2023 905 2101 τῇ
931 2020 1031 2083 πόλει
1056 2044 1070 2084 τ

97 2126 335 2210 πολιτεύματος
357 2124 478 2188 τούτου
503 2122 654 2207 ἐπιτιμᾶν
673 2118 753 2187 οὐδὲ
771 2123 830 2187 τὸν
849 2123 1070 2209 είσηγησάμεν

95 2231 180 2298 αὐτὸ
200 2233 393 2316 δημοκόπον
411 2227 467 2295 καὶ
484 2230 635 2316 πονηρὸν
653 2228 845 2313 άποκαλεῖν,
868 2229 954 2295 ἀλλά
972 2229 1029 2297 καὶ
1047 2255 1070 2297 τι

58 2362 85 2404 ιο
99 2344 267 2404 πεισθεῖσι
298 2337 426 2420 πολλὴν
453 2339 620 2422 φρόνησιν
652 2336 800 2413 ἅπαντας
831 2347 1029 2422 μαρτυρεῖν,
1060 2362 1070 2403 ι

62 2452 144 2532 2τρῖ
174 2445 325 2509 πείσαντι
353 2442 501 2527 μεγάλην
530 2445 663 2526 σοφίαν.
704 2437 875 2526 Ῥωμαίοις
906 2439 960 2527 θ’,
994 2435 1046 2522 οἷς

98 2548 174 2637 περὶ
197 2559 325 2636 μικρῶν
347 2550 408 2616 τόν
430 2550 591 2614 κίνδυνον
614 2543 702 2614 εἶναι
725 2550 911 2635 διαφορῶν,
935 2545 1008 2617 ἀλλ’
1031 2551 1070 2616 ὑπ

97 2664 158 2723 τοῦ
186 2658 229 2741 μὴ
258 2657 493 2742 παραδοθῆναι
519 2655 620 2722 πάλιν
649 2654 727 2742 ὠμῷ
754 2652 811 2720 καὶ
837 2657 962 2733 παντὸς
988 2659 1070 2743 χείρ(

83 2763 224 2850 Ιθηρίου
251 2762 421 2850 τυράννῳ,
449 2765 499 2839 τίς
524 2772 591 2827 τῶν
613 2769 698 2827 νοῦν
722 2760 868 2846 ἐχόντων
892 2760 1070 2848 ἐπιτιμήσει

57 2893 84 2934 25
99 2871 151 2952 άν,
175 2867 278 2953 <έάν>
301 2877 341 2953 τῇ
365 2871 604 2954 φιλανθρωπίᾳ
627 2869 729 2952 ταύτῃ
751 2868 945 2952 συμμάχους
963 2866 1039 2934 ἀντὶ
1057 2894 1070 2934 κ

171 3067 186 3116 3
206 3059 321 3130 γέγονεν
341 3057 453 3129 ἔφθασε
472 3059 518 3113 Ba
572 3066 590 3114 4
608 3061 699 3148 δῆμον
719 3058 759 3123 εἰς
777 3058 812 3114 τὰ
829 3058 983 3130 πράγματα
1001 3080 1070 3150 πρφο

98 3131 375 3258 ”⁶²⁹⁰i‘5'ff'w2‘ussw
392 3128 740 3271 {ssfiwffhssfflssgssssssjvff‘
762 3131 1070 3258 Ἐλελρίοὲίῖῗίέέ

98 3207 226 3333 ἓιθάόεθλ
261 3272 320 3329 τότι
338 3273 386 3328 Ba
421 3245 483 3328 τότε
502 3273 548 3327 Bb
585 3272 685 3328 τοότου
704 3272 842 3328 Bficheler
875 3223 941 3328 ρῖίῖ
960 3275 1070 3344 θημοτιι

98 3344 469 3424 ΒΙκαλεῖνΟρταελετΒ
552 3350 585 3398 21
606 3341 761 3406 οίςοω.Β
843 3350 877 3399 25
898 3339 1070 3400 ἔάνωὰάὲ

97 3419 172 3475 ῖοτιὶε
190 3417 251 3474 Em.
271 3415 353 3473 Dion.
372 3416 399 3470 11
413 3423 447 3472 23
