2414 3840
490 187 651 241 ..ς-

69 350 261 436 δικνάνορος
278 346 362 435 ὑπὲρ
381 357 438 433 τῆς
451 353 577 427 πόλεως
591 349 776 435 ἀναθήσειν
790 362 859 428 τοῖς
873 357 976 433 θεοῖς,
995 347 1074 415 καθ’

69 457 109 522 ὃν
142 460 265 543 χρόνον
297 459 431 542 έμελλεν
464 457 684 540 ἀγωνίζεσθαι
714 459 798 542 πρὸς
829 458 890 541 τήν
922 459 1107 524 Λατίνων·

68 563 240 647 στρατιάν,
273 571 331 647 τής
357 587 392 628 τε
419 566 543 647 βουλῆς
570 565 650 648 μετά
676 565 714 628 τὸ
744 566 867 648 νίκημα
894 565 955 648 τήν
981 588 1077 630 κατα-

69 671 192 754 σκευήν
220 671 324 736 αὐτοῦ
351 669 586 755 ψηφισαμένης
608 670 644 736 έκ
666 680 733 736 τῶν
757 671 918 757 λαφύρων
940 674 1078 755 ποιήσα-

69 784 152 841 σθαι
178 785 302 862 πᾶσαν,
329 781 402 842 τότε
429 773 466 842 δὲ
488 785 549 842 τοῦ
573 780 673 864 έργου
695 779 858 862 λαβόντος
879 779 941 862 τήν
964 777 1101 843 συντέ-ε»

69 888 169 950 λειαν.

135 989 325 1055 LXXXXV.
359 985 532 1074 Ἐγένοντο
566 985 597 1055 δ’
624 990 661 1056 έν
692 1000 737 1079 τῷ
771 991 859 1079 αὐτῷ
887 994 996 1080 χρόνῳ
1024 989 1080 1056 καὶ

22 1099 151 1182 ι61πρὸς
177 1099 235 1173 τάς
262 1106 329 1162 τῶν
351 1100 508 1164 Λατίνων
535 1100 647 1174 πόλεις
669 1097 796 1175 ἁπάσας
819 1105 987 1183 συνθήκαι
1009 1121 1079 1164 και-

68 1201 124 1268 ναλ
148 1198 224 1288 μεθ’
241 1203 350 1290 όρκων
368 1200 452 1290 ὑπὲρ
471 1205 604 1290 εἰρήνης
622 1202 677 1270 καὶ
696 1207 819 1290 φιλίας,
843 1204 956 1289 ἐπειδή
975 1227 1079 1291 παρα·
1124 1208 1126 1213 ’

68 1312 203 1393 κινήσαί
222 1303 253 1373 τ’
275 1307 377 1375 οὐδὲν
400 1308 615 1396 ἐπεχείρησαν
638 1311 675 1377 έν
698 1320 737 1397 τή
757 1311 879 1395 στάσει,
903 1309 957 1377 καλ
976 1327 1077 1396 συνη-
1088 1332 1114 1372 10

69 1417 205 1498 δόμενοι
227 1423 266 1499 τή
288 1417 426 1504 καθόδῳ
450 1425 510 1481 τού
534 1417 642 1502 δήμου
666 1418 808 1506 φανεροὶ
830 1400 931 1502 ἦσαν,
961 1427 1022 1484 τοῦ
1044 1443 1080 1484 τε

68 1521 214 1605 πολέμου
242 1511 303 1586 τού
329 1523 412 1608 πρὸς
438 1526 517 1600 τοὺς
544 1523 750 1601 ἀποστάντας
778 1523 915 1609 ἑτοίμως
938 1524 1079 1591 ἐδόκουν

69 1627 290 1712 συνάρασθαι.
334 1623 377 1711 ήν
405 1626 442 1694 δὲ
468 1631 508 1695 τὰ
535 1627 705 1715 γραφέντα
732 1629 770 1695 ἐν
796 1641 868 1706 ταῖς
891 1631 1114 1716 συνθήκαις2

68 1735 193 1799 τοιάδε·
223 1730 393 1818 Ῥωμαίοις
420 1733 476 1801 καὶ
503 1747 574 1813 ταῖς
596 1739 752 1802 Λατίνων
780 1738 917 1803 πόλεσιν
941 1735 1082 1814 ἀπάσαις

69 1844 183 1925 είρήνη
206 1842 290 1924 πρὸς
312 1841 476 1925 ἀλλήλους
499 1845 593 1926 έστω,
616 1841 730 1930 μέχρις
748 1842 790 1908 ἀν
809 1843 953 1929 οὐρανός
971 1866 1006 1908 τε
1023 1842 1080 1909 καλ
1091 1862 1116 1904 15

67 1956 109 2032 γή
139 1949 199 2032 τήν
223 1947 327 2032 αὐτήν
350 1949 467 2014 στάσιν
490 1951 602 2034 ἔχωσι·
634 1946 689 2014 καλ
713 1944 786 2033 μήτ’
812 1947 908 2015 αὐτοὶ
930 1951 1080 2032 πολεμεί-

68 2072 178 2120 τωσαν
206 2055 288 2140 πρὸς
315 2054 478 2138 ἀλλήλους
505 2049 579 2140 μήτ’
600 2057 746 2121 ἄλλοθεν
776 2053 943 2140 πολέμους
965 2053 1079 2138 ἐπαγέ-

68 2179 193 2245 τωσαν,
223 2164 302 2246 μήτε
330 2172 400 2238 τοῖς
427 2158 624 2248 ἐπιφέρουσι
651 2165 796 2248 πόλεμον
822 2161 922 2239 ὁδούς
944 2160 1080 2247 παρεχέ-

67 2286 179 2333 τωσαν
210 2268 370 2353 ἀσφαλεῖς
401 2269 632 2351 βοηθείτωσάν
660 2293 695 2334 τε
723 2279 793 2346 τοῖς
819 2266 1080 2353 πολεμουμένοις

69 2375 176 2460 ἀπάση
201 2375 351 2460 δυνάμει,
375 2376 537 2461 λαφύρων
559 2397 594 2440 τε
613 2374 667 2441 καὶ
686 2377 776 2452 λείας
794 2383 851 2459 τής
869 2375 905 2440 ἐκ
923 2373 1077 2460 πολέμων
1087 2396 1113 2435 20

68 2492 191 2547 κοινῶν
214 2483 251 2547 τὸ
275 2487 349 2548 ίσον
373 2479 627 2566 λαγχανέτωσαν
646 2479 750 2568 ’μέρος
773 2479 935 2568 ἑκάτεροι·
957 2490 1025 2545 τῶν
1043 2475 1073 2545 τ’

69 2590 244 2654 ἰδιωτικῶν
263 2589 476 2672 συμβολαίων
495 2589 533 2653 αί
547 2591 672 2675 κρίσεις
690 2588 726 2655 ἐν
745 2586 881 2675 ἡμέραις
894 2585 1079 2671 γιγνέσθω-

68 2711 132 2759 σαν
160 2693 254 2777 δέκα,
281 2692 358 2780 παρ’
382 2686 432 2771 οἷς
459 2693 501 2759 ἀν
528 2693 664 2778 γένηται
686 2695 723 2759 τὸ
748 2696 963 2779 συμβόλαιον.
1007 2705 1079 2772 ταῖς
1113 2731 1118 2745 =

69 2799 106 2865 δὲ
133 2801 318 2884 συνθήκαις
343 2800 477 2878 ταύταις
504 2796 609 2886 μηδὲν
632 2797 749 2879 ἐξέστω
773 2807 973 2886 προσθεῖναι
996 2795 1075 2886 μηδ’

40 2953 48 2957 -
69 2908 204 2991 ἀφελεῖν
233 2900 287 2970 ἀπ’
310 2907 432 2991 αὐτῶν,
455 2907 473 2972 ό
495 2929 527 2972 τι
550 2905 592 2972 ἀν
615 2909 658 2992 μή
677 2902 849 2992 Ῥωμαίοις
870 2929 906 2973 τε
927 2907 984 2974 καλ
1007 2912 1077 2975 Λα-
1091 2927 1117 2968 25

22 3016 172 3089 ιθντίνοις
194 3013 295 3077 ἀπασι
319 3014 408 3098 δοκῇ.
445 3023 548 3079 ταῦτα
571 3010 632 3098 μὲν
650 3015 691 3098 δή
711 3011 869 3099 Ῥωμαῖοί
883 3039 917 3080 τε
935 3013 990 3080 καὶ
1009 3018 1077 3081 Λα-
1093 3019 1113 3082 3

139 3177 156 3225 4
174 3168 381 3240 ψηφηοαμένης
399 3170 421 3223 Β
507 3178 523 3226 9
542 3170 759 3245 παρακινῆσ<αί
773 3171 824 3245 τε)
842 3173 865 3226 Β
884 3172 914 3226 in
931 3188 986 3226 ras.
1007 3179 1078 3226 3-4

68 3242 123 3297 litt.
198 3248 229 3295 11
250 3241 370 3313 φανεροὶ
393 3236 466 3310 ήσαν
488 3250 538 3296 τοῦ
560 3261 591 3297 τε
614 3241 736 3314 πολέμου
756 3260 809 3298 om.
827 3243 853 3296 A
926 3250 959 3298 18
978 3244 1079 3298 *πολε-

69 3312 189 3382 μίουςΟ
213 3312 321 3366 correxi
395 3320 430 3368 22
449 3313 671 3384 γινέσθωσανΒ
704 3343 708 3354 ·
748 3321 783 3368 24
802 3311 970 3386 ἒξεσηίήωΒ
1043 3321 1078 3370 26

68 3384 273 3509 ἀπασιᾶιιεηοέ
288 3384 325 3438 ad
342 3389 459 3440 Λατῖνοι
481 3385 511 3440 in
533 3402 598 3455 mge
622 3385 685 3443 add.
706 3385 752 3439 Bb
781 3386 960 3456 superscript.
980 3387 1074 3458 κείμε-

67 3463 138 3524 νονΙ
173 3462 238 3510 οκεί
