2414 3840
510 176 671 229 -ς..

90 332 189 419 αὐτῷ.
226 333 343 401 ἐδόκει,
356 345 473 400 ταῦτα·
495 334 550 402 καί
572 339 654 420 κατά
677 339 828 422 σπουδὴν
848 337 1030 420 ἀναβάντες
1048 334 1136 403 έπὶ3

26 441 168 515 ,ςςητοὺς
195 440 317 518 ἵππους
344 444 493 525 ἤλαυνον
514 446 563 521 είς
584 445 646 527 την
669 447 768 511 πόλιν
791 444 827 509 οί
847 443 1021 528 μέλλοντες
1044 445 1101 527 δη-

88 546 209 611 λώσειν
241 556 281 631 τῇ
313 551 419 633 βουλῇ
451 551 491 614 τά
519 552 692 635 γενόμενα.
738 549 936 634 προθέντων
967 544 1005 614 δὲ
1034 559 1101 614 τῶν

87 650 224 717 ὑπάτων
242 655 345 736 λόγον
362 666 432 732 τοῖς
446 655 632 740 συνέδροις,
653 655 840 740 Οὐαλερίου
854 652 915 740 μέν
928 651 972 739 ἦν
985 657 1100 740 γνώμη

89 758 222 823 διδόναι
250 756 306 822 καὶ
333 761 457 844 ταύτην
484 770 530 849 τῷ
554 763 647 849 δήμῳ
670 763 732 845 την
754 762 866 846 χάριν·
889 760 1030 838 ’Ἇππιος
1053 759 1129 844 δέ,ὁ

89 863 191 947 ὅσπερ
214 862 247 942 ἐξ
272 864 374 950 ἀρχῆς
396 867 595 950 ἠναντιοῦτο
618 878 690 944 ταῖς
713 870 921 952 διαλλαγαῖς,
949 867 1005 933 καὶ
1027 871 1100 933 τότε

88 969 126 1035 ἐκ
147 979 208 1036 τοῦ
232 981 382 1055 φανεροῦ
405 972 557 1057 ἀντέλεγε
580 977 670 1056 βοῶν
689 972 744 1039 καὶ
761 977 864 1051 θεοὺς
883 974 1101 1061 ἐπιμαρτυρό-

88 1099 188 1161 μενος
206 1081 271 1160 καί,
291 1079 381 1144 ὅσων
399 1078 513 1164 μέλλοι
532 1079 661 1167 σπέρμα
678 1090 790 1146 κακῶν
808 1083 934 1164 βαλεῖν,
952 1088 992 1165 τῇ
1008 1084 1101 1145 πολι-

88 1185 159 1270 τείμ
187 1184 368 1268 προλέγων.
410 1182 482 1252 ἀλλ’
505 1186 566 1252 οὐκ
589 1190 702 1252 ἔπειθε
723 1189 803 1264 τοὺς
824 1189 969 1263 πολλοὺς
992 1188 1101 1273 ὡρμη-

87 1291 197 1372 κότας,
221 1291 331 1376 ὥσπερ
354 1287 460 1376 εἷπον,
485 1294 710 1359 διαλύσασθαι
732 1294 793 1378 τὴν
812 1294 938 1358 στάσιν.
974 1295 1101 1376 γίνεται
1116 1308 1142 1347 1⁰

90 1396 131 1478 δη
155 1398 310 1481 ψήφισμα
333 1406 391 1481 τῆς
413 1402 546 1482 βουλῆς,
569 1399 610 1463 τά
631 1423 667 1464 τε
689 1400 783 1481 ἄλλα,
807 1399 869 1464 ὅσα
893 1399 929 1464 oc
948 1398 1103 1485 πρέσβεις

89 1500 273 1586 ὑπέσχοντο
291 1511 337 1591 τῷ
357 1505 462 1591 δήμῳ,
485 1504 592 1569 πάντα
610 1500 696 1569 εἷναι
714 1504 823 1589 κύρια,
842 1503 977 1587 καλιὴν
995 1504 1101 1589 άσφά-

89 1612 193 1690 λειαν,
210 1608 254 1692 ἣν
272 1603 392 1693 ᾐτεῖτο,
412 1609 606 1694 ἐπιτρέπειν.
638 1604 738 1675 ταῦθ’
757 1610 792 1674 οί
807 1608 962 1696 πρέσβεις
976 1610 1137 1692 διοικη-4

89 1714 228 1798 σάμενοι
245 1724 285 1801 τῇ
299 1718 438 1781 κατόπιν
452 1715 558 1803 ἡμέρᾳ
576 1724 730 1800 παρῆσαν
749 1714 802 1780 ἐπὶ
819 1716 856 1781 τὸ
876 1717 1101 1801 στρατόπεδον

26 1817 144 1888 ι245ιιαὶ
177 1821 217 1884 τά
250 1821 394 1900 δόξαντα
424 1831 463 1907 τῇ
495 1825 602 1907 βουλῇ
632 1822 849 1907 διεσάφησαν.
895 1822 975 1905 μετά
1001 1830 1101 1887 τοῦτο
1117 1845 1142 1886 ιι

89 1929 267 2009 Μενηνίου
280 1927 544 2013 παραινέσαντος
556 1939 626 2005 τοῖς
639 1929 797 2013 δημόταις
808 1927 1003 1992 ἀποστεῖλαί
1009 1950 1103 2005 τινας

89 2034 137 2110 είς
159 2034 221 2116 την
243 2037 357 2118 πόλιν,
381 2026 431 2112 οἷς
452 2034 473 2118 ἡ
497 2036 602 2118 βουλη
626 2035 666 2098 τά
688 2035 787 2099 πιστά
810 2035 920 2116 δώσει,
943 2032 1102 2118 πέμπεται

89 2143 232 2219 Λεύκιος
251 2137 392 2218 Ἰούνιος
413 2144 578 2224 Βροῦτος,
605 2137 689 2224 ὑπὲρ
718 2135 759 2205 οὗ
786 2142 950 2226 πρότερον
976 2145 1102 2223 είρηκα,

63 2317 64 2321 η
89 2245 145 2311 καὶ
178 2249 242 2313 σὺν
273 2246 363 2334 αὐτῷ
390 2246 531 2332 Μάρκος
557 2244 678 2323 Δέκιος
707 2244 763 2311 καὶ
790 2248 939 2332 Σπόριος
962 2243 1101 2323 Ἰκίλιος.

89 2364 157 2418 τῶν
187 2349 225 2418 δέ
253 2354 344 2438 παρά
370 2362 428 2437 τῆς
455 2356 578 2436 βουλῆς
605 2350 800 2437 ἀφιγμένων
827 2353 862 2417 οί
886 2348 948 2436 μὲν
974 2352 1103 2437 ἡμίσεις
1116 2373 1143 2414 εο

90 2461 158 2543 ἅμα
179 2469 249 2536 τοῖς
271 2457 347 2545 περὶ
369 2461 429 2526 τὸν
442 2463 596 2545 Βροῦτον
619 2459 666 2535 είς
684 2460 745 2542 τὴν
764 2462 862 2524 πόλιν
880 2458 1103 2542 ὑπέστρεψαν,

87 2560 267 2650 Ἀγρίππας
299 2562 336 2630 δὲ
368 2567 449 2651 μετὰ
479 2576 547 2630 τῶν
579 2569 706 2630 λοιπῶν
736 2563 927 2648 κατέμεινεν
958 2562 1011 2630 ἐπὶ
1043 2573 1103 2630 τοῦ

57 2692 60 2696 ·
89 2671 317 2757 στρατοπέδου
348 2672 530 2756 διαγράψαι
558 2668 786 2757 παρακληθεὶς
814 2671 873 2735 τὸν
900 2672 1006 2755 νόμον
1033 2681 1104 2748 τοῖς

90 2779 281 2861 δημοτικοῖς
303 2776 381 2843 καθ’
403 2777 444 2843 δν
467 2777 680 2855 ἀποδείξουσι
702 2777 760 2853 τάς
782 2776 893 2862 ἀρχάς.

158 2883 389 2948 LXXXVIIII.
429 2887 475 2968 Τῇ
509 2877 540 2947 δ’
567 2881 639 2966 ἑξῆς
669 2880 775 2969 ἡμέρᾳ
801 2890 954 2967 παρῆσαν
977 2881 1043 2968 ,μὲν
1071 2885 1107 2949 οί
1118 2902 1143 2944 25

90 2987 165 3075 περὶ
194 2991 253 3055 τὸν
276 2994 429 3073 Βροῦτον
456 2988 673 3073 πεποιημένοι
700 2989 758 3065 τὰς
784 2989 867 3072 πρὸς
891 2990 952 3072 τὴν
976 2990 1102 3073 βουλὴν

90 3097 263 3178 συνθήκας
286 3096 342 3160 διά
364 3106 431 3160 τῶν
455 3095 685 3178 εἰρηνοδικῶν,
710 3093 769 3170 οὓς
791 3085 932 3159 καλοῦσι
949 3064 1103 3178 ’ὤμαῖοι

162 3288 294 3358 8βαλεῖν
313 3286 449 3342 κακῶνΒ
504 3282 600 3340 9ἀλλ’
617 3282 709 3356 ὥσπερ
729 3281 810 3339 εἷπον
828 3284 880 3337 ΑΒ
917 3251 1009 3353 ὥδπερ
1029 3283 1103 3348 είκδς

90 3374 113 3412 ο.
133 3356 278 3427 Kiessling
350 3363 382 3412 17
407 3355 447 3420 εἰς
468 3356 521 3426 τὴν
543 3354 626 3411 πόλιν
648 3353 690 3418 οἷς
707 3354 725 3424 ἡ
745 3355 830 3428 βουλὴ
851 3386 883 3394 -
903 3354 1027 3407 δώσειΒ
1063 3354 1103 3419 είς

90 3427 142 3496 τὴν
162 3427 265 3500 βουλὴν
280 3425 321 3489 οἷς
336 3460 367 3469 -
384 3427 505 3482 δάοειΙλ
543 3434 576 3482 19
592 3424 708 3497 σπόριον
726 3426 877 3487 σικίλιοςΟ
897 3441 965 3479 corr.
981 3423 1104 3496 Sylburg
