2414 3840
524 198 686 245 -A-
1050 199 1112 262 117

75 363 218 447 θερίαν
252 364 492 448 παρακαλείτω.
539 360 629 424 ἔσται
661 355 699 424 δὲ
730 367 810 423 πᾶσι
838 355 1009 444 Ῥωμαίοις
1041 358 1110 426 κατ’

71 468 209 553 εὐχήν,
234 466 295 533 ἐὰν
318 469 438 533 ἴδωσιν
459 467 545 552 ἡμᾶς
566 467 645 542 τοὺς
664 468 859 551 πατρικίους
876 467 1040 553 ἄρχοντας
1058 475 1115 551 τῆς

71 574 306 660 ἐλευθερίας·
337 575 444 640 πολλὰ
466 574 530 659 γὰρ
553 570 609 638 καὶ
628 572 722 637 δεινὰ
740 574 952 638 πεπόνθασιν
970 572 1035 638 ὑπὸ
1054 581 1115 639 τοῦ

67 680 269 766 τυράννου
296 677 351 746 καὶ
378 686 497 765 μικρᾶς
524 677 678 764 ἀφορμῆς
705 675 846 743 δέονται.
894 677 974 742 όταν
998 675 1035 742 δέ
1059 679 1114 743 λοί-

69 789 211 871 ρωμεν
234 785 272 850 τὸ
292 790 422 870 πλῆθος
442 782 640 870 ὡρμημένον
658 787 840 848 καταλῦσαι
853 784 915 867 την
929 788 1141 872 μοναρχίανε

69 895 216 976 ψῆφόν
239 887 268 956 τ’
295 891 408 969 αὐτοῖς
431 891 606 975 ἀναδῶμεν
629 884 713 974 ὑπὲρ
733 897 800 955 τοῦ
815 888 931 973 μηκέτι
945 886 1115 976 Ῥωμαίων

90 998 294 1084 Ταρκύνιον
326 996 438 1083 ἄρξειν
470 993 525 1060 καὶ
556 996 594 1061 τὸ
626 992 702 1081 περὶ
733 997 862 1061 τούτων
894 995 1002 1079 δόγμα
1033 999 1115 1081 πρὸς

73 1107 176 1181 τοὺς
195 1100 250 1169 ἐπὶ
268 1101 494 1189 στρατοπέδου
513 1101 777 1186 διαπεμψώμεθα
795 1099 833 1166 ἐν
850 1099 949 1185 τείχει.
977 1099 1032 1166 καὶ
1050 1104 1114 1187 γὰρ
1129 1105 1150 1169 4

78 1210 133 1275 ολ
157 1211 199 1274 τὰ
228 1209 313 1275 ὅπλα
340 1211 486 1294 ἔχοντες,
517 1208 548 1273 εί
573 1206 731 1292 μόθοιεν,
760 1207 810 1271 ὅτι
835 1208 875 1272 τὰ
898 1206 935 1272 ἐν
957 1217 997 1294 τῇ
1020 1212 1115 1274 πόλει

76 1315 207 1380 πιόντα
234 1326 304 1392 τοῖς
330 1305 509 1400 τυράννοις
531 1312 621 1380 ἐστὶν
645 1314 816 1399 ἀλλότρια,
844 1316 1015 1400 πρόθυμοι
1038 1314 1114 1400 περὶ
1129 1334 1155 1374 10

79 1423 159 1506 τὴν
182 1430 241 1506 τῆς
262 1423 422 1507 πατρίδος
445 1420 641 1506 ἐλευθερίαν
659 1423 857 1504 γενήσονται
877 1421 954 1486 οὔτε
974 1422 1114 1508 δωρεαῖς

35 1530 147 1593 Qu
169 1530 384 1614 κατεχόμενοι
401 1528 446 1605 ὡς
464 1528 627 1614 πρότερον
647 1527 723 1592 οὔτε
740 1526 798 1603 τὰς
816 1527 931 1613 ὕβρεις
944 1537 1011 1592 τῶν
1029 1532 1114 1613 Ταρ-

86 1638 219 1701 κυνίου
256 1635 386 1700 παίδων
422 1657 457 1699 τε
494 1631 550 1698 καὶ
585 1633 736 1699 κολάκων
773 1630 889 1718 φέρειν
922 1634 1112 1717 δυνάμενοι.

100 1746 212 1807 Ταῦτα
240 1739 395 1820 λέξαντος
423 1739 527 1805 αὐτοῦ
553 1739 756 1826 παραλαβὼν
780 1739 964 1822 τὸνλόγον
990 1738 1148 1807 offan-5

93 1871 181 1933 ριος,
209 1849 257 1912 Τὰ
280 1844 341 1932 μὲν
364 1848 462 1929 ἄλλα,
491 1848 630 1932 ἔφησεν,
654 1846 768 1932 ὀρθῶς
791 1844 1039 1929 ἐπιλογίζεσθαί
1059 1871 1115 1932 μοι
1130 1863 1155 1904 15

98 1955 223 2036 δοκεῖς,
248 1950 382 2020 Ἰούνιε·
418 1950 494 2039 περὶ
524 1948 561 2018 δὲ
588 1962 646 2037 τῆς
676 1951 848 2037 ἐκκλησίας
876 1954 924 2018 ἔτι
951 1954 1114 2039 βούλομαι

99 2066 239 2144 μαθεῖν,
266 2061 317 2138 τίς
345 2059 363 2125 ὁ
392 2057 542 2125 καλέσων
566 2061 657 2125 ἔσται
680 2058 785 2143 αὐτην
807 2060 890 2124 κατὰ
911 2062 1037 2144 νόμους
1059 2058 1115 2125 καὶ

100 2167 158 2250 τὴν
195 2174 312 2251 ψῆφον
349 2165 535 2231 ἀναδώσων
564 2176 636 2244 ταῖς
669 2166 839 2252 φράτραις.
881 2167 1018 2252 ἄρχοντι
1049 2167 1113 2251 γὰρ

101 2271 300 2340 ἀποδέδοται
322 2281 421 2338 τοῦτο
445 2273 613 2359 πράττειν·
645 2272 740 2357 ἡμῶν
765 2269 795 2336 δ’
819 2269 930 2348 οὐδεὶς
953 2271 1114 2356 οὐδεμίαν

100 2377 204 2465 ἀρχὴν
223 2381 298 2463 ἐχει.
329 2374 366 2443 Ὁ
384 2375 416 2444 δ’
432 2379 626 2462 ὑπολαβών·
648 2373 742 2461 Ἐγώ,
763 2381 878 2462 φησίν,
899 2358 1153 2473 όίΟὐαλε’ριε.ξ50

99 2495 164 2551 τῶν
195 2485 261 2570 γὰρ
283 2487 454 2571 Κελερίων
485 2486 597 2571 ἄρχων
630 2487 712 2569 είμί,
745 2482 800 2550 καὶ
831 2482 1033 2549 ἀποδέδοταί
1057 2510 1114 2572 μοι

99 2594 179 2656 κατὰ
214 2592 341 2674 νόμους
372 2591 564 2676 ἐκκλησίαν,
603 2593 657 2657 ότε
689 2592 889 2676 βουλοίμην,
927 2593 1112 2675 συγκαλεῖν.

98 2699 201 2764 ἔδωκε
225 2694 266 2763 δέ
286 2721 343 2782 μοι
365 2698 428 2781 την
450 2697 556 2785 ἀρχὴν
578 2698 702 2782 ταύτην
726 2697 744 2763 ὁ
766 2698 932 2782 τύραννος
955 2703 1113 2785 μεγίστην

97 2800 205 2870 οὖσαν
223 2804 268 2882 ὡς
286 2804 410 2893 ἠλιθίῳ
428 2802 484 2869 καὶ
503 2801 573 2870 οὔτ’
592 2801 753 2892 εἰσομένῳ
771 2805 833 2888 την
848 2805 993 2891 δύναμιν
1012 2806 1113 2892 αὐτῆς

96 2905 181 2995 οὔτ’,
205 2911 239 2976 εί
258 2913 389 2995 γνοίην,
413 2908 622 2998 χρησομένῳ·
658 2908 714 2975 καὶ
736 2912 795 2975 τὸν
813 2912 895 2976 κατὰ
913 2920 974 2978 τοῦ
992 2914 1112 3000 τυρόν·
1126 2929 1152 2970 25

95 3041 159 3084 νον
183 3019 287 3102 λόγον
309 3027 440 3103 πρῶτος
462 3016 527 3100 ἐγὼ
551 3018 765 3101 διαθήσομαι.

168 3181 184 3230 7
204 3173 303 3244 ἄρχειν
322 3189 345 3227 c.
364 3172 493 3227 Hertlein
509 3172 553 3228 Pr.
567 3172 676 3229 Werth.
693 3178 762 3228 1873
780 3192 807 3243 p.
823 3181 839 3230 8
912 3181 928 3230 8
948 3174 1113 3243 διαπέμψαι·

95 3265 148 3316 μεν
167 3262 192 3300 ο.
210 3243 316 3299 Βοίελιο
382 3248 415 3298 16
435 3238 581 3314 ἐφησενΒ
618 3241 673 3315 ἔφη
692 3244 718 3298 R
777 3250 809 3299 19
828 3244 907 3315 ημῶν
925 3244 997 3300 τεΟ
1033 3243 1059 3309 ἡ,
1079 3241 1111 3295 δὲ

95 3317 220 3388 Sylburg
275 3321 310 3370 20
328 3314 516 3438 ὑποτνῇὼυΒ
548 3317 697 3387 ὑπολαβὼν
717 3311 772 3384 ἔφη
789 3310 841 3385 ἐγὼ
856 3315 942 3386 φησὶν
958 3314 981 3367 0
999 3313 1112 3378 praeter

93 3388 117 3442 Β
178 3394 212 3442 23
233 3383 317 3442 ὁπότε
337 3403 359 3440 ο.
379 3383 418 3439 Co
440 3387 469 3440 θλ
488 3385 552 3442 obs.
571 3405 598 3456 p.
613 3393 647 3442 90
716 3391 751 3439 24
770 3385 859 3458 οό<τ>
877 3386 900 3438 Β
917 3387 921 3451 Ι
938 3379 1069 3452 εἰσομένῳ
1089 3378 1111 3430 Β

93 3457 295 3531 αἰσθησομέυῳ
314 3457 340 3510 R
