2414 3840
121 176 186 239 358
553 178 712 229 -ς-

120 339 157 402 τὸ
186 336 358 420 συγγενές,
389 337 447 404 έάν
471 340 667 422 ψηφίσησθε
692 337 808 414 αὐταῖς
831 339 1056 404 ἰσοπολιτείαν
1080 344 1137 424 μό-

120 467 193 526 νον,
217 437 256 526 ἧς
279 441 343 508 αίεὶ
368 444 556 509 διατελοῦσι
580 445 744 528 δεόμεναι.

188 548 323 614 LXIIII.
348 547 389 614 Ὃ
418 547 455 615 δέ
477 550 612 615 πάντων
636 547 706 614 ἐστὶ
728 549 905 635 κράτιστον
928 549 965 615 έν
987 562 1060 629 τοῖς
1081 573 1138 618 πο-

121 654 247 739 λέμοις,
276 653 331 721 καὶ
360 657 436 721 οὔτε
464 656 558 740 ὑμεῖς
585 653 681 721 αὐτοὶ
710 654 944 740 ἐνεθυμήθητέ
964 679 1032 740 πω,
1063 659 1138 724 οὔτε

94 772 187 826 στῶν
212 762 413 845 συμβούλων
436 760 549 839 οὐδεὶς
572 761 674 845 λέγει,
703 770 803 827 τοῦτο
827 762 990 847 προσθείς
1013 765 1140 829 παύσο-

120 891 187 951 μαι.
235 866 374 944 οὐδενὸς
401 868 488 933 οὕτω
518 869 572 933 δεῖ
596 877 666 944 τοῖς
688 865 870 952 μέλλουσιν
893 865 1029 953 εὐτυχὲς
1053 868 1140 947 ἕξειν

119 974 157 1038 τὸ
185 984 253 1038 τῶν
278 973 419 1057 ἀγώνων
441 973 552 1058 τέλος,
580 974 625 1051 ὡς
648 984 843 1058 στρατηγῶν
865 975 1014 1058 ἀγαθῶν.
1061 977 1194 1041 τοῦ-1181

121 1099 189 1144 των
212 1080 232 1164 η
257 1076 320 1164 μὲν
342 1078 483 1166 ἡμετέρα
506 1085 646 1146 πλουτεῖ
665 1083 770 1163 πόλις,
796 1082 834 1146 αλ
855 1077 892 1146 δὲ
914 1091 981 1146 τῶν
1001 1081 1140 1148 ἀντιπά-

85 1187 190 1250 2λων
215 1189 441 1265 σπανίζουσιν.
479 1186 516 1250 αλ
536 1184 598 1270 μὲν
618 1181 680 1252 οὗν
698 1191 946 1271 πολυοχλοῦσαι
966 1189 1139 1274 δυνάμεις,

81 1310 107 1349 10
121 1291 202 1355 ὅταν
230 1292 377 1374 λάβωσιν
405 1293 570 1376 ἡγεμόνας
597 1293 659 1357 οὐκ
682 1294 811 1370 εἰδότας
834 1295 963 1378 ἀρχειν,
993 1295 1139 1382 ἀσχημο-

120 1405 219 1460 νοῦσι
251 1394 318 1461 καὶ.
339 1395 414 1482 περί
448 1397 563 1474 αὑταῖς
596 1399 803 1483 σφάλλονται
829 1401 870 1466 τά
896 1406 1051 1485 πλεῖστα,
1083 1401 1139 1468 καί

120 1502 269 1590 τοσούτςο
302 1509 429 1588 μᾶλλον
461 1511 731 1589 κακοπαθοῦσιν,
766 1507 897 1594 όσριπερ
929 1505 972 1572 ἀν
1005 1512 1138 1592 μείζονα

121 1611 220 1693 ἔχωσι
247 1613 362 1676 πόνον.
410 1611 445 1675 οί
471 1606 503 1675 δ’
526 1609 650 1694 ἀγαθοὶ
674 1611 908 1697 στρατηλάται,
932 1611 996 1677 κάν
1021 1617 1139 1700 μικράς

120 1715 246 1798 λάβωσι
262 1717 432 1800 δυνάμεις,
450 1714 574 1800 ταχέως
588 1725 744 1781 ποιοῦσιν
759 1716 859 1794 αὐτάς
872 1719 1025 1801 μεγάλας.
1059 1717 1135 1788 ὥστ’

81 1839 106 1881 15
121 1823 215 1906 άχρις
246 1821 288 1886 ἀν
320 1823 478 1906 ἡγεῖσθαι
507 1820 717 1906 δυναμένους
744 1824 870 1909 ἀνδρας
900 1827 1042 1910 ἔχωμεν,
1077 1828 1138 1893 οὐκ

86 1931 106 1994 3
122 1928 334 2014 ἀπορήσομεν
356 1937 424 1991 τῶν
443 1928 607 2012 άρχεσθαι
626 1927 850 2012 βουλομένων.
889 1929 1137 2016 ἐνθυμούμενοι

122 2035 163 2118 δη
191 2043 295 2099 ταῦτα
320 2031 465 2098 καὶτῶν
489 2035 597 2118 ἔργων
620 2043 678 2118 τῆς
700 2037 826 2112 πόλεως
849 2037 1055 2121 μεμνημένοι
1079 2064 1136 2124 μη-

122 2137 181 2206 δὲν
205 2142 363 2206 ταπεινὸν
385 2136 464 2224 μηδ’
488 2137 623 2223 ἀγεννές
646 2137 723 2225 μηδ’
747 2140 883 2221 ἀνάξιον
905 2142 1001 2227 ὑμῶν
1026 2145 1137 2212 αὐτῶν

121 2249 325 2331 ψηφίσησθε.
368 2249 403 2310 τί
429 2241 506 2328 οὖν,
534 2251 568 2310 εί
590 2268 640 2322 τις
668 2249 778 2331 ἔροιτό
806 2271 862 2332 με,
893 2250 950 2330 [τι]
979 2250 1136 2336 πράττειν

81 2371 107 2412 εο
120 2353 202 2438 ὑμῖν
219 2362 385 2439 παραινῦ;
410 2347 503 2416 τουτί
521 2352 585 2437 γάρ
605 2357 685 2429 ίσως
702 2353 803 2418 πάλαι
821 2363 951 2436 γνῶναι
968 2357 1135 2422 σπεύδετε.

120 2457 247 2543 μηδένα
280 2463 359 2543 μήτε
381 2460 563 2543 πρεσβείαν
586 2455 725 2542 πέμπειν
747 2460 830 2545 πρὸς
852 2462 931 2537 τοὺς
953 2459 1136 2546 ἀφεστηκό-

119 2589 193 2648 τας,
223 2568 303 2650 μητε
332 2566 453 2648 ἀφεσιν
480 2565 696 2646 ψηφίσασθαι
718 2574 785 2630 τῶν
808 2575 930 2650 χρεῶν,
959 2561 1034 2650 μήτ’
1057 2569 1190 2636 &Mones

120 2682 230 2737 ποιεῖν
253 2670 374 2755 μηδέν,
403 2672 421 2736 ὅ
444 2693 476 2734 τι
500 2669 627 2748 δόξειεν
650 2668 692 2735 ἀν
716 2673 827 2755 φόβον
849 2674 1029 2757 τεκμήριον
1053 2670 1136 2741 εἶναι

121 2774 177 2842 καί
202 2777 396 2861 ἀμηχανίας·
430 2775 488 2841 έάν
513 2771 550 2840 δέ
568 2774 790 2860 καταθέμενοι
808 2779 848 2841 τά
867 2777 952 2847 ὅπλα
970 2778 1135 2847 κατέλθω-

194 2921 211 2967 4
231 2914 299 2969 αὐτὸ
319 2913 371 2967 ΑΒ
409 2914 490 2969 αότολ
508 2914 528 2968 0
548 2917 578 2969 et
597 2914 720 2985 Sylburg
801 2922 817 2970 6
837 2913 929 2986 ἔλεγεν
949 2934 973 2971 ο.
993 2916 1135 2988 Kiessling

121 2983 359 3077 ὃὴδμετέραΑ
394 2983 616 3086 ἡμ..ἡ.μετέρα
635 2986 680 3041 Βε.
716 2985 783 3057 ἡμῖν
806 2985 823 3055 ἡ
843 2986 964 3070 ἡμετέρα
982 2988 1030 3043 Bb
1104 2997 1134 3044 11

121 3057 262 3120 αῦταιςΟ
354 3063 387 3112 13
430 3054 561 3126 πόρονΟ
599 3055 684 3127 ὄγκον
708 3074 730 3112 ο.
754 3057 884 3112 Ηοτλῖοιο
902 3057 1020 3114 Hermes
1040 3059 1067 3113 X
1085 3066 1135 3115 416

121 3128 203 3221 ὅγλον
230 3127 302 3182 smit
327 3127 392 3182 Oba.
412 3147 439 3197 p.
460 3133 493 3180 30
529 3126 618 3182 πόνον
643 3144 695 3254 ego
787 3133 820 3182 16
844 3127 863 3182 ἃ
886 3149 968 3200 χριαν
987 3131 1033 3185 Ba
1071 3130 1136 3186 ὥστε
1190 3131 1192 3136 '

121 3201 201 3272 ἀχρις
221 3197 256 3254 ἀν
270 3198 356 3281 ἈΒλι
429 3203 462 3252 19
482 3199 512 3279 εί
520 3218 561 3261 τις
581 3196 655 3270 έροιτ
691 3219 724 3270 με
743 3199 798 3254 del.
818 3197 907 3253 Cobet
926 3200 991 3256 Obs.
1010 3219 1037 3271 p.
1061 3208 1109 3257 123
1130 3201 1133 3272 λ

120 3293 148 3327 τι
172 3271 227 3327 del.
248 3269 373 3324 Smtems
392 3268 554 3354 Εαι...11),ιουἶ
568 3269 595 3322 Π
609 3277 642 3325 32
734 3278 769 3326 20
787 3268 867 3325 ταυτὶ
886 3270 909 3324 Ο
928 3287 996 3327 corr.
1017 3272 1136 3343 Sylburg

121 3367 154 3415 23
174 3358 325 3429 τεκμήριον
346 3355 420 3413 εἷναι
439 3357 590 3427 τεκμήριον
609 3358 657 3412 Bb
739 3365 774 3414 24
792 3356 969 3430 ἀποθέμενοι
988 3377 1011 3416 ο.
1031 3360 1136 3430 Kayser

113 3430 187 3488 Αιια,
205 3430 280 3500 phi).
302 3434 372 3487 1866
391 3447 418 3500 p.
435 3433 470 3485 46
629 3451 632 3457 ·
