2414 3840
543 181 708 229 -Δ-
1092 177 1132 240 11

113 342 293 427 γράφοντα
319 342 398 416 τοὺς
425 342 554 417 παῖδας.
591 340 782 405 παντάπασι
803 341 868 424 γάρ
892 337 1135 423 ἀπερισκέπτως

115 445 170 511 καὶ
194 446 359 531 ῥᾳθύμως
382 446 419 511 οί
440 456 644 532 συγγραφεῖς
666 445 784 532 <περλ>
808 445 919 511 αὐτῶν
941 445 1067 528 ταύτην
1087 444 1136 522 έξ-

116 555 298 637 ενηνόχασι
329 553 391 635 την
423 552 572 638 ἱστορίαν
601 549 702 617 οὐδὲν
730 551 919 635 ἐξητακότες
945 561 1014 616 τῶν
1042 550 1135 615 ἀναι-

118 661 273 742 ρούντων
297 658 401 742 αὐτὴν
425 657 599 724 ἀδυνάτων
620 682 655 724 τε
673 657 729 723 καὶ
747 658 894 724 ἀτόπων·
927 653 976 724 ὧν
994 656 1135 722 ἕκαστον

118 764 183 848 ἐγὼ
202 765 403 851 πειράσομαι
415 773 552 848 ποιῆσαι
565 766 714 851 φανερὸν
729 761 773 829 δι’
791 765 923 848 ὀλίγων.
950 765 1135 850 Ταρκύνιος
1148 725 1170 840 52

120 870 156 936 έα
179 874 371 957 Τυρρηνίας
393 873 625 955 μετανίσταται
646 872 707 937 τὸν
730 866 825 937 οίκον
848 871 929 936 δλον
953 871 1135 936 ἀνασκευα-

119 977 264 1061 σάμενος
288 976 324 1042 έν
346 984 387 1062 τῇ
410 979 566 1062 κρατίστῃ
589 985 651 1042 τοῦ
673 987 814 1063 φρονεῖν
836 975 994 1061 ὑπάρχων
1013 977 1133 1061 ἡλικίᾳ.

119 1084 357 1148 πολιτεύεσθαι
383 1084 447 1168 γάρ
472 1083 537 1165 ἤδη
560 1080 616 1147 καὶ
638 1083 753 1166 ἀρχειν
774 1080 831 1148 καὶ
852 1083 893 1146 τά
915 1083 1012 1146 κοινὰ
1034 1081 1134 1166 πράτ-

120 1211 191 1253 τειν
214 1186 317 1266 ἀξιῶν
339 1189 571 1274 παραδίδοται,
594 1186 650 1252 καὶ
671 1189 734 1271 τὴν
757 1189 903 1274 ἄπαρσιν
926 1187 1056 1253 ἐκείθεν
1077 1208 1134 1252 πε-

118 1292 301 1378 ποιημένος
333 1295 389 1360 διά
414 1295 453 1359 τὸ
481 1296 643 1378 μηδεμιᾶς
669 1293 706 1359 έν
733 1303 772 1379 τη
800 1296 894 1360 πόλει
920 1303 1015 1378 τιμῆς
1038 1317 1133 1379 μετα·
1148 1313 1174 1352 10

119 1401 311 1485 λαμβάνειν.
348 1399 460 1486 ἕτερος
482 1397 543 1484 μὲν
567 1394 630 1465 οὖν
653 1401 695 1465 ἀν
717 1424 768 1478 τις
790 1400 893 1467 αὐτὸν
915 1400 1060 1466 ὑπέθετο
1077 1398 1168 1468 καλδ

119 1508 318 1593 τριακοστὸν
350 1508 423 1582 ἔτος
450 1508 569 1589 ἔχοντα
596 1506 830 1590 τούλάχιστον,
865 1500 913 1571 ὅτ’
943 1506 1070 1592 ἀπῆρεν
1098 1507 1135 1572 έιι

74 1615 326 1698 σιεΤυρρηνίας·
373 1612 437 1677 ἀπὸ
473 1611 595 1695 ταύτης
625 1613 689 1698 γάρ
722 1613 758 1678 οί
786 1615 886 1696 νόμοι
917 1621 975 1695 της
1006 1613 1135 1695 ἡλικίας

121 1724 281 1784 καλοῦσιν
305 1718 350 1795 ὡς
373 1715 426 1782 ἐπὶ
448 1717 485 1781 τὸ
508 1719 596 1782 πολὺ
617 1720 696 1794 τοὺς
719 1719 834 1803 ἀρχειν
852 1715 959 1781 τεκαὶ
978 1718 1134 1803 πράττειν

120 1824 348 1909 βουλομένους
365 1826 406 1889 τά
423 1823 534 1890 κοινά·
557 1823 622 1907 ἐγὼ
642 1820 672 1888 δ’
691 1826 738 1888 ἔτι
756 1824 921 1909 νεώτερον
936 1822 1040 1889 αὐτὸν
1053 1823 1134 1888 ύπο-
1149 1841 1174 1882 ιι

119 1935 257 2016 τίθεμαι
280 1930 377 1996 πέντε
401 1930 491 2007 ὅλοις
514 1932 611 2013 ἔτεσι,
634 1928 691 1996 καὶ
713 1940 798 1995 ποιῶ
820 1931 902 1995 κατά
924 1931 963 1995 τὸ
985 1929 1134 2015 πέμπτον

120 2039 174 2105 καὶ
193 2039 346 2105 είκοστὸν
365 2040 437 2115 ἔτος
455 2037 731 2121 ἀπανιστάμενον.
762 2035 819 2102 καὶ
836 2037 903 2122 μην
922 2037 973 2102 ὅτι
991 2048 1134 2121 γυναῖκα

125 2146 318 2232 Τυρρηνίδα
340 2143 531 2227 ἐπηγάγετο,
554 2143 597 2226 ἣν
622 2146 742 2222 ζῶντος
764 2145 813 2208 ἔτι
834 2153 895 2209 τοῦ
918 2146 1042 2229 πατρὸς
1060 2146 1135 2227 έγη-

122 2276 197 2337 μεν,
226 2252 368 2326 ἅπαντες
397 2249 620 2334 ὁμολογοῦσιν
647 2253 684 2314 οί
707 2251 765 2327 τδις
783 2245 963 2333 Ῥωμαϊκὰς
990 2249 1135 2333 συγγρά-

121 2369 244 2436 ψαντες
276 2357 429 2441 ίστορίας.
471 2358 688 2441 παραγίνεται
721 2352 752 2420 δ’
784 2356 831 2430 είς
857 2348 986 2436 Ῥώμην
1009 2332 1175 2446 ’ἈηνιουβΟ

122 2465 280 2547 Μαρκίου
309 2461 559 2545 βασιλεύοντος,
589 2462 634 2538 ὡς
661 2458 723 2545 μὲν
746 2458 884 2536 Γέλλιος
907 2459 1034 2546 ἱστορεῖ
1053 2462 1135 2526 κατὰ

120 2571 178 2634 τὸν
206 2577 341 2653 πρῶτον
365 2568 519 2634 ἐνιαυτὸν
541 2576 600 2652 τῆς
621 2570 806 2652 βασιλείας,
834 2568 879 2644 ὡς
902 2563 939 2632 δέ
961 2571 1136 2645 Λικίννιος

121 2675 243 2761 γράφει
270 2676 352 2739 κατὰ
378 2675 438 2739 τὸν
466 2675 598 2757 ὄγδοον.
637 2677 721 2739 ἔστω
750 2674 791 2757 δη
814 2676 896 2740 κατὰ
918 2683 1039 2740 τοῦτον
1062 2674 1135 2758 ἐλη-

122 2782 236 2857 λνδὼς
262 2780 323 2844 τὸν
350 2778 520 2863 ένιαυτόν,
550 2775 630 2845 καθ’
657 2779 697 2845 ὃν
719 2779 842 2866 γράφει
863 2784 1052 2864 Λικίννιος,
1080 2778 1136 2845 καὶ

121 2889 164 2972 μη
191 2889 370 2973 πρότερον·
402 2885 440 2951 έν
468 2885 596 2975 ὑστέρω
624 2883 686 2970 μὲν
713 2888 776 2972 γάρ
800 2886 861 2951 οὐκ
884 2885 926 2953 ἀν
950 2893 1000 2970 είη
1023 2889 1134 2974 χρόνῳ
1149 2902 1185 2976 15Ι

120 2993 372 3080 παραγεγονώς,
400 2997 468 3077 είγε
497 2993 539 3075 δὴ
565 2994 649 3059 κατὰ
675 2993 735 3057 τὸν
758 2995 877 3058 ἔνατον
900 2993 1055 3059 ἐνιαυτὸν
1078 3003 1135 3077 τῆς

191 3219 364 3290 2περλοια
384 3220 436 3273 AB
497 3215 652 3275 6δ’έκΒ
689 3219 725 3288 δὴ
745 3216 776 3274 ἐκ
795 3236 818 3275 ο.
837 3218 981 3287 Kiessling
1037 3225 1069 3272 10
1087 3224 1137 3283 τῆς

120 3298 200 3361 τιμῆς
213 3291 239 3344 Α
296 3298 327 3345 11
346 3293 485 3346 ύποδοῐτο
504 3308 527 3347 ο,
547 3289 686 3346 Bficheler
742 3298 773 3345 12
794 3287 843 3413 ἐμὲ
857 3290 914 3343 ἀπὸ
933 3290 959 3342 A
1014 3293 1046 3340 13
1065 3286 1134 3355 ἀπὸ]

120 3362 174 3432 πρὸ
192 3361 267 3416 Prou
330 3368 362 3417 14
381 3362 535 3418 κωλύουσιν
554 3365 629 3418 Prou
646 3362 651 3429 Ι
667 3354 713 3414 ἐπὶ
730 3363 801 3417 πολὺ
902 3365 936 3412 20
955 3354 1028 3410 δὲΒ
1101 3361 1135 3408 21

121 3432 339 3504 βασιλεύσαντος
357 3437 380 3487 Α
