2414 3840
509 170 667 223 -ς-
1034 166 1097 231 281

87 333 153 394 λιοι
177 327 348 412 φέροντες,
372 329 434 394 ὅσα
457 331 546 415 παρά
569 339 636 395 τῶν
658 329 832 414 ἡγεμόνων
855 328 1003 415 ἀριστεῖα
1027 331 1099 394 έλα-

86 437 149 516 βον
173 432 210 499 ἐν
233 445 305 511 ταῖς
327 436 460 520 μάχαις,
490 436 573 519 καλὴ
596 434 652 501 καὶ
675 436 749 514 ἀξία
771 444 831 502 τοῦ
854 435 1020 521 μεγέθους
1042 444 1099 519 της

86 539 266 624 ἡγεμονίας
293 542 378 618 όύις.
418 549 521 606 ταῦτα
547 538 609 626 μὲν
631 539 714 627 ὑπὲρ
743 550 800 625 τὴς
824 540 1008 626 γενομένης
1031 540 1135 609 ἐπι-5

85 648 227 730 φανείας
249 656 316 710 τῶν
339 637 561 732 Διοσκούρων
584 648 745 731 λεγόμενά
765 646 873 713 τεκαὶ
891 650 1099 735 πραττόμενα

10 750 152 817 ,οτούπὸ
170 747 341 835 Ῥωμαίων
369 754 510 835 ἔμαθον·
542 751 575 831 ἐξ
604 748 652 820 ὧν
679 752 864 838 τεκμήραιτ’
892 755 935 819 άν
961 777 1025 836 τις,
1054 753 1120 830 ὡςε

80 861 258 941 θεοφιλεῖς
279 852 365 939 ἡσαν
389 857 425 922 οί
443 860 516 922 τότε
539 859 728 944 ἀνθρωποι,
751 861 815 923 σὺν
834 860 946 934 ἀλλοις
963 863 1099 936 πολλοῖς

78 960 140 1028 καὶ
164 963 326 1046 μεγάλοις.

152 1067 260 1134 XIIII.
294 1065 329 1134 ‘0
361 1066 398 1134 δέ
425 1071 615 1153 Ποστόμιος
647 1067 778 1154 ἐκείνην
810 1067 871 1155 μὲν
902 1071 965 1154 τὴν
994 1071 1098 1134 νύκτα

79 1173 447 1261 κατεστρατοπέδευσεν
479 1174 516 1240 ἐν
543 1182 589 1263 τῷ
617 1177 736 1262 πεόίφ,
767 1183 807 1261 τῇ
836 1170 867 1240 θ’
894 1174 966 1260 ἑξῆς
993 1174 1099 1262 ἡμέρᾳ

81 1281 304 1365 στεφανώσας
329 1283 408 1356 τοὺς
431 1279 688 1367 ἀριστεύσαντας
710 1280 748 1346 ἐν
770 1289 810 1367 τη
833 1281 920 1368 μάχη
942 1279 998 1346 καὶ
1020 1284 1134 1358 τοὺςω

83 1387 316 1470 αἰχμαλώτους
342 1386 570 1470 φυλάττεσθαι
593 1389 732 1464 διαδοὺς
759 1390 839 1454 ἐθυε
862 1390 902 1453 τὰ
924 1390 1099 1476 νικητήρια

83 1502 156 1569 τοῖς
179 1498 281 1569 θεοῖς.
319 1495 366 1557 ἐτι
390 1489 421 1557 θ’
444 1492 532 1580 αύτῷ
555 1493 615 1558 τὸν
640 1493 808 1578 στέφανον
832 1493 1025 1583 ἐπικειμένῳ
1044 1493 1099 1561 καὶ

85 1599 145 1675 τάς
171 1597 384 1685 ὑπερπύρους
408 1598 555 1683 ἀπαρχάς
576 1609 647 1676 τοῖς
669 1603 795 1684 βωμοῖς
818 1599 1001 1666 ἐπιτιθέντι
1024 1618 1100 1668 σκο-

86 1708 147 1770 ποί
175 1727 264 1780 τινες
296 1704 359 1769 ἀπὸ
392 1714 459 1770 τῶν
488 1707 663 1792 μετεώρων
690 1707 957 1792 καταδραμόντες
985 1704 1100 1790 ἀγγέλ-

87 1816 185 1876 λουσι
207 1810 367 1894 πολέμιον
390 1807 443 1875 ἐπὶ
467 1820 553 1895 σφᾶς
576 1811 728 1876 ἐλαύνειν
751 1815 902 1898 στρατόν.
939 1807 982 1896 ἡν
1006 1807 1036 1877 θ’
1063 1812 1099 1877 ἐκ
1109 1837 1135 1878 15

86 1926 147 1982 τοῦ
183 1915 408 1981 Οὐολούσκων
427 1919 568 1994 ’ἔθνους
604 1917 772 1994 ἐπίλεκτος
807 1917 892 2004 ἀκμὴ
930 1918 1100 2003 σύμμαχος

88 2020 315 2107 ἀπεσταλμένη
339 2026 513 2107 Λατίνοις,
535 2021 615 2110 πρὶν
637 2023 658 2108 ἡ
681 2025 742 2108 τὴν
765 2025 874 2109 μάχην
898 2025 1009 2090 αὐτῶν
1032 2023 1100 2090 ἐπι-

88 2134 295 2211 τελεσθῆναι.
341 2129 386 2206 ὡς
414 2125 450 2194 δέ
480 2130 521 2213 δὴ
548 2125 640 2194 ταῦτ’
671 2132 773 2214 ἐγυω,
803 2143 925 2218 χωρεῖν
954 2133 1134 2210 ἀπαντας2

89 2234 260 2301 ἐκέλευσεν
283 2232 336 2300 ἐπὶ
358 2236 399 2300 τά
422 2235 506 2301 ὅπλα
529 2233 584 2301 καὶ
607 2234 720 2321 μένειν
743 2236 780 2303 ἐν
802 2247 848 2326 τῷ
872 2238 990 2326 χάρακι
1010 2241 1099 2326 παρὰ

87 2352 160 2418 ταῖς
183 2342 283 2418 ίδίαις
306 2340 447 2407 ἕκαστον
466 2346 620 2426 σημαίαις
638 2343 738 2426 σιγὴν
755 2342 810 2408 καὶ
829 2346 956 2429 κόσμον
975 2345 1135 2428 φυλάτ-εο

88 2470 216 2530 τοντας,
240 2444 302 2524 ἕως
325 2446 367 2512 ἀν
392 2447 490 2524 αὐτὸς
514 2446 534 2512 ἀ
557 2450 619 2535 χρὴ
642 2449 799 2535 πράττειν
816 2453 1030 2535 παραγγείλῃ.
1067 2451 1103 2516 oc

29 2550 128 2619 Ῑοῖαλὲ
145 2563 214 2618 τῶν
229 2553 455 2618 Οὐολούσκων
469 2553 629 2638 ἡγεμόνες
643 2553 676 2634 ἐξ
690 2556 839 2622 ἀπόπτου
853 2566 921 2621 τῶν
930 2551 1099 2641 Ῥωμαίων

88 2661 354 2744 παρεμβαλόντες
373 2658 418 2735 ὡς
436 2654 529 2724 εἶδον
548 2662 669 2745 μεστὸν
687 2658 748 2748 μέν
766 2664 804 2727 τὸ
823 2664 940 2728 πεδίον
958 2674 1099 2748 νεκρῶν,

88 2765 216 2852 ὀρθοὺς
244 2762 281 2829 δέ
306 2766 385 2841 τοὺς
407 2765 552 2850 χάρακας
575 2766 798 2854 ἀμφοτέρους,
826 2770 987 2853 προιόντα
1011 2764 1042 2834 θ’
1064 2770 1100 2835 ἐκ

86 2882 155 2937 τῶν
178 2870 352 2957 ἐρυμάτων
371 2871 448 2936 ούτε
466 2872 626 2957 πολέμιον
645 2874 721 2938 ούτε
741 2877 842 2958 φίλον
862 2875 996 2960 οὐθένα,
1018 2873 1099 2953 τέως
1109 2896 1135 2938 ω

86 2976 148 3061 μὲν
176 2976 367 3062 ἐθαύμαζον
394 2975 449 3043 καὶ
476 2981 526 3054 τίς
552 2974 637 3062 <ἡν>
665 2979 685 3062 ἡ
714 2987 932 3066 κατειληφυῖα
955 2983 1037 3066 τύχη
1060 2983 1100 3046 τά

160 3211 175 3259 3
196 3203 262 3274 όηιις
284 3212 333 3273 τῆς
354 3204 505 3286 ἡγεμονίας
522 3205 545 3258 Β
581 3213 630 3274 τῆς
648 3205 799 3276 ἡγεμονίας
817 3206 883 3277 όηιις
901 3208 926 3260 R
941 3209 945 3274 Ι
962 3204 1032 3275 ὑπὲρ
1051 3213 1100 3274 τῆς

86 3276 148 3332 τότε
168 3275 319 3346 λεγομένης
337 3291 359 3331 c.
378 3275 523 3345 Kleesling
596 3284 626 3330 11
647 3277 784 3339 όιὸουςΒ
854 3283 887 3331 15
905 3273 1061 3331 ἐλαύνοντα
1074 3276 1100 3328 Α

87 3354 122 3402 20
142 3344 273 3417 φυλακὴν
291 3344 372 3399 ABE
409 3345 529 3416 σιγὴνῦ
590 3352 623 3401 21
641 3346 820 3418 παραγγέλλῃ
838 3348 890 3400 ΑΒ
926 3347 1099 3417 παραγγείλῃ

88 3417 158 3472 θεῖ
174 3415 280 3471 Reiske
352 3423 387 3472 24
405 3417 522 3488 ὀρθούς]
543 3419 658 3488 μεστούς
676 3417 699 3470 Β
771 3423 805 3472 26
824 3412 859 3485 ἡν
879 3415 943 3470 add.
962 3415 1100 3471 Bficheler
