2414 3840
487 176 647 228 ..ς-

51 342 133 417 τίος
153 336 330 426 Ὀκταουίῳ
354 338 530 424 Μαμιλίῳ,
558 337 596 402 τὸ
620 333 658 401 δέ
682 335 791 415 δεξιὸν
818 339 915 413 Τίτος
939 335 1078 421 Οὐεργί-

54 469 137 522 νιος
151 444 169 510 δ
183 445 307 522 ύπατος
322 441 434 531 Σέξτῳ
448 444 622 530 Ταρκυνίῳ
637 443 754 508 στάσιν
769 441 924 508 ἐναντίαν
939 441 1077 527 ἐπέχων’

52 553 101 617 τά
126 547 164 616 δέ
187 549 270 636 μέσα
288 559 346 634 τῆς
364 550 535 636 φάλαγγος
553 549 652 626 αὐτὸς
671 549 688 615 ὁ
709 550 871 634 δικτάτωρ
888 551 1078 634 Ποστόμιος

57 658 245 743 ἐξεπλήρου
264 660 349 745 Τίτῳ
368 659 542 745 Ταρκυνίῳ
565 654 622 721 καὶ
643 667 714 733 τοῖς
736 654 812 741 περὶ
830 656 932 722 αὐτὸν
950 657 1077 741 φυγάσι

57 766 226 850 χωρήσων
254 764 368 848 ὁμόσε·
408 768 539 847 πλῆθος
566 760 604 829 δέ
631 771 688 848 τής
716 764 948 848 συνελθούσης
976 764 1103 828 δυνά-ε

57 896 149 957 μεως
181 872 228 947 είς
260 871 322 954 τήν
354 869 537 956 παράταξιν
564 866 622 952 ἀφ’
650 868 807 956 ἑκατέρου
835 870 1078 956 στρατεύματος

57 975 104 1062 ἦν
122 973 292 1062 Ῥωμαίων
314 974 376 1062 μέν
399 975 452 1042 ἐπὶ
470 978 659 1062 δισμυρίοις
677 974 785 1041 τεκαὶ
807 980 1078 1061 τετρακισχιλίοις

57 1082 152 1163 πεζοὶ
178 1086 379 1170 τριακοσίων
403 1082 549 1167 δέοντες,
581 1085 682 1168 χίλιοι
707 1080 737 1147 δ’
761 1083 883 1159 ίιιιιείς·
919 1085 1077 1148 Λατίνων

58 1188 97 1256 δὲ
125 1193 191 1256 σὺν
218 1201 289 1267 τοῖς
316 1190 500 1275 συμμάχοις
527 1190 794 1277 τετρακισμύριοι
822 1191 964 1275 μάλιστα
986 1188 1078 1268 πεζοὶ

57 1293 115 1362 καὶ
136 1299 314 1381 τρισχίλιοι
338 1296 454 1372 ίππείς.
1092 1321 1117 1359 ιο

10 1403 58 1460 049
128 1401 185 1467 VI.
213 1399 269 1478 Ὡς
299 1398 329 1486 δ’
357 1403 405 1478 είς
434 1412 544 1487 χεῖρας
573 1401 664 1485 ήξειν
696 1406 851 1488 ἔμελλον,
882 1404 918 1469 οἵ
942 1427 976 1470 τε
1007 1417 1075 1470 τῶν

60 1513 216 1577 Λατίνων
259 1505 437 1594 στρατηγοὶ
478 1506 740 1590 συγκαλέσαντες
778 1512 857 1586 τοὺς
894 1509 1076 1597 σφετέρους

60 1619 166 1684 πολλά
189 1618 236 1694 είς
259 1617 297 1682 τὸ
317 1615 474 1700 άνδρεῑον
494 1613 648 1699 ἐπαγωγά
665 1613 722 1680 καὶ
742 1615 871 1698 δεήσεις
889 1626 957 1682 τῶν
977 1635 1075 1703 στρα-

60 1736 187 1789 τιωτῶν
210 1724 337 1810 μακράς
360 1721 550 1805 διεξῆλθον,
574 1722 592 1786 ὅ
615 1745 651 1787 τε
663 1718 822 1807 Ῥωμαῖος
842 1721 1077 1808 ὀρρωδοῦντας

62 1831 151 1916 ὁρῶν
173 1832 253 1906 τοὺς
276 1828 472 1914 σφετέρους,
504 1829 554 1894 ὅτι
577 1830 700 1912 πλήθει
723 1832 938 1894 συνοίσονται
961 1840 1074 1918 μακρῷ
1090 1852 1117 1893 15
1147 1870 1158 1885 «

58 1937 245 2023 προύχοντι
266 1944 327 2002 τού
350 1934 529 2020 σφετέρου,
554 1933 726 2013 ἐξελέσθαι
748 1936 785 2000 τὸ
810 1933 885 2013 δέος
908 1935 1019 2002 αὐτῶν
1043 1936 1079 2002 ἐκ

61 2053 118 2128 τῆς
151 2045 302 2119 διανοίας
331 2043 535 2126 βουλόμενος
564 2042 784 2107 συνεκάλεσεν
812 2044 859 2120 είς
887 2042 1077 2126 ἐκκλησίαν·

60 2148 117 2215 καὶ
146 2147 441 2234 παραστησάμενος
469 2149 548 2223 τοὺς
578 2149 826 2231 πρεσβυτάτους
855 2159 923 2214 τῶν
952 2149 987 2216 ἐκ
1014 2159 1076 2215 τοῦ

59 2260 278 2340 βουλευτικοῦ
305 2255 486 2339 συνεδρίου
512 2252 568 2318 καὶ
595 2256 814 2339 τιμιωτάτους
836 2256 925 2335 ἔλεξε
949 2255 1111 2410 τοιάδε2

60 2360 141 2428 Θεοί
167 2357 228 2446 μέν
255 2360 335 2446 ἡμῖν
361 2361 603 2445 ὑπισχνοῦνται
633 2356 678 2426 δι’
700 2363 832 2427 οίωνῶν
853 2385 889 2428 τε
911 2362 968 2429 καὶ
991 2347 1111 2447 σφα-2

60 2471 146 2552 γίων
182 2466 237 2533 καὶ
267 2477 325 2552 τῆς
357 2469 458 2551 άλλης
489 2476 648 2553 μαντικῆς
680 2467 878 2554 ἐλευθερίαν
909 2479 948 2555 τῇ
980 2473 1074 2536 πόλει

59 2572 215 2660 παρέξειν
237 2571 293 2637 καὶ
316 2576 414 2656 νίκην
433 2572 564 2658 εὐτυχῆ,
588 2574 728 2658 άμοιβάς
744 2596 780 2639 τε
798 2574 879 2659 ἡμῖν
897 2575 1076 2642 άποδιδύν-

57 2704 113 2757 τες
140 2679 286 2763 άγαθάς,
313 2677 392 2745 ἀνθ’
420 2674 467 2745 ὧν
493 2680 615 2758 αὐτοὺς
643 2680 796 2764 σέβοντες
818 2679 874 2747 καὶ
896 2685 937 2748 τά
965 2685 1075 2750 δίκαια

61 2787 242 2862 άσκούντες
265 2785 302 2851 ἐν
324 2784 424 2873 ταυτί,
445 2795 490 2874 τῳ
514 2790 577 2875 βίῳ
603 2786 722 2872 [ήμῶν]
748 2788 992 2874 διετελέσαμεν,
1019 2791 1075 2856 καλ

59 2904 130 2970 τοῖς
148 2891 284 2979 έχθροῑς
301 2891 396 2976 ἡμῶν
414 2904 618 2977 νεμεσῶντες
635 2895 768 2959 κατὰτὸ
783 2897 880 2979 είκός,
900 2896 950 2961 ὅτι
968 2901 1113 2964 πολλάκι

58 2998 116 3066 καὶ
139 2998 264 3084 μεγάλα
286 3001 493 3076 πεπονθότες
515 2997 575 3084 ὑφ’
598 2999 692 3084 ήμῶν
716 2999 828 3084 άγαθά
851 3015 1023 3088 συγγενεῖς
1040 3027 1076 3070 τε

1090 2422 1116 2462 20

133 3162 147 3210 1
165 3154 318 3229 Ὀκταουίῳ
332 3157 466 3229 Μαμιλίῳ
482 3158 511 3210 et
524 3175 550 3212 v.
565 3163 581 3211 2
599 3155 717 3230 Σέξτῳ
709 3175 740 3211 ιιι
753 3158 882 3213 omnibus
897 3159 979 3214 libris
994 3160 1075 3213 sedes

59 3230 214 3294 mutarunt,
234 3244 304 3282 οοιε
301 3210 455 3308 Sylburg
505 3212 711 3291 ἱλέναντίοςΑ
748 3225 882 3286 ἐναντίαν
900 3232 926 3284 R
980 3237 1075 3286 'lver-

59 3299 104 3353 bis
126 3319 157 3354 τε
176 3298 226 3353 καλ
243 3297 345 3352 deletis
364 3301 578 3368 τετρακισχίλιοι
597 3316 619 3357 ο
638 3299 777 3354 Bucheler
872 3307 905 3354 12
925 3318 1075 3368 τουσφετε-

58 3370 168 3496 ὅρῳςΒ
241 3375 276 3424 24
294 3369 372 3438 ἡμῶν
397 3370 451 3425 del.
469 3369 614 3440 Kiessling
686 3377 719 3425 26
739 3370 849 3441 ἀγαθά]
875 3368 906 3426 εὖ
931 3387 952 3425 c.
973 3369 1075 3424 (λύκιοι

105 3459 125 3496 s.
144 3459 171 3510 p.
187 3446 221 3495 25
