2414 3840
439 712 775 789 ΔΙΟΝΥΣΙΟΥ

463 885 746 938 ιωααεωιεωωα

258 1026 531 1093 ΡΩΜΑΙΚΗΣ
555 1026 948 1094 ΑΡΧΑΙΟΛΟΓΙΑΣ

441 1186 568 1239 ΛοΓοΣ
587 1186 778 1241 ΠΕΜΠΤοΣ.

526 1347 686 1358 ---

160 1465 206 1534 Ἡ
224 1467 286 1554 μὲν
310 1471 351 1554 δὴ
375 1471 528 1554 βασιλικὴ
548 1466 720 1556 Ῥωμαίων
742 1473 892 1551 πολιτεία
916 1472 1120 1557 διαμείνασα

97 1578 178 1661 μετὰ
201 1577 260 1642 τὸν
284 1579 436 1662 οἰκισμὸν
458 1585 516 1661 τῆς
530 1573 655 1662 Ῥώμης
678 1576 761 1642 έτῶν
784 1577 950 1665 τεττάρων
972 1575 1029 1644 καὶ
1048 1601 1119 1644 τετ-

96 1685 283 1769 ταράκοντα
305 1682 360 1749 καὶ
384 1684 566 1748 διακοσίων
589 1682 753 1769 ἀριθμόν,
784 1681 837 1749 έπὶ
861 1680 898 1750 δέ
920 1693 983 1750 τοῦ
1005 1691 1118 1753 τελευ-

96 1793 193 1855 ταίου
230 1788 392 1873 βασιλέως
428 1787 587 1876 τυραννὶς
618 1788 782 1875 γενομένη
817 1791 873 1855 διὰ
903 1792 1027 1870 ταύτας
1058 1795 1117 1871 τὰς

70 1899 281 1983 οπροφάσεις
316 1894 372 1962 καὶ
409 1896 473 1962 ὑπὸ
505 1897 635 1961 τούτων
667 1897 835 1980 κατελύθη
867 1907 935 1962 τῶν
967 1897 1115 1986 ἀνδρῶν,

98 2003 302 2088 ὀλυμπιάδος
329 2000 391 2089 μέν
418 2003 540 2086 ὀγδόης
567 2000 623 2068 καὶ
646 2001 821 2088 ἑξηκοστῆς
844 2002 1044 2089 ἐνεστώσης,
1073 2005 1115 2090 ἣν

98 2111 190 2176 ένίκα
223 2112 361 2176 στάδιον
386 2107 577 2194 Ἰσχόμαχος
604 2110 854 2195 Κροτωνιάτης,
883 2105 1063 2196 Ἀθήνησι
1079 2109 1157 2178 δέε

62 2218 158 2301 Ἰτην
178 2216 349 2284 ἐνιαύσιον
368 2217 473 2302 ἀρχὴν
492 2217 626 2300 ἔχοντος
641 2213 825 2301 Ἰσαγόρου.
863 2216 1115 2306 ἀριστοκρατίας

98 2321 136 2389 δὲ
163 2323 345 2409 γενομένης
372 2324 408 2388 οί
431 2333 557 2409 πρῶτοι
583 2323 645 2406 τὴν
673 2325 848 2409 βασιλικὴν
876 2323 983 2410 ἀρχὴν
1010 2346 1115 2412 παρα-

59 2452 85 2492 ω
99 2433 258 2514 λαβόντες
289 2432 409 2496 ύπατοι
441 2429 607 2515 τεττάρων
639 2441 755 2514 μηνῶν
787 2431 834 2507 είς
865 2431 926 2496 τὸν
958 2429 1115 2498 ἐνιαυτὸν

98 2536 226 2602 ἐκεῖνον
258 2536 517 2620 ἐπιλειπομένων
546 2536 689 2613 Λεύκιος
713 2531 854 2614 Ἰούνιος
880 2541 1033 2622 Βροῦτος
1060 2535 1114 2605 καὶ

99 2643 242 2720 Λεύκιος
269 2643 453 2728 Ταρκύνιος
474 2644 696 2726 Κολλατῖνος,
720 2642 779 2720 οὓς
801 2647 941 2709 καλοῦσι
959 2639 1118 2730 Ῥωμαῖοι

98 2750 181 2814 κατὰ
207 2750 269 2831 την
297 2746 424 2813 ἑαυτῶν
453 2748 625 2814 διάλεκτον
649 2749 758 2834 ὥσπερ
782 2750 869 2833 ἔφην
891 2752 1122 2836 προβούλους,

171 2924 355 2978 Διοαγυογ
376 2912 551 2978 ΡωΜωκΗ(
570 2921 801 2979 οεαοιοαοιιο(
819 2925 851 2979 ει
871 2955 904 2964 -
923 2923 950 2977 A
968 2941 1023 2980 om.
1043 2924 1067 2978 Β

170 3000 186 3047 3
205 2993 407 3067 τελευτ<αί>ου
425 2993 448 3046 Β
520 3001 537 3049 8
556 2989 727 3065 ἔνιαύσιοίβν
746 2994 793 3048 Ba
857 3001 890 3049 13
908 2997 974 3063 pout
992 2995 1141 3068 noodud‘

98 3072 162 3129 λους
180 3065 211 3118 in
228 3064 251 3117 B
271 3067 426 3133 sequuntur
444 3064 515 3119 haec
533 3065 633 3119 verbu:
653 3062 684 3120 οί
700 3063 752 3135 μὲν
770 3063 993 3135 ἀποδειχθέντες
1011 3065 1132 3122 ύπατοι

99 3141 215 3211 βροῦτος
237 3136 286 3192 καὶ
309 3141 481 3203 κολλατῖνος,
505 3152 577 3203 quae
595 3135 740 3206 Kiessling
757 3137 802 3191 Pr.
820 3137 885 3191 Bas.
925 3179 931 3191 .
953 3142 986 3191 14
1005 3137 1036 3191 in
1055 3141 1127 3193 tex-

98 3213 160 3264 tum
177 3210 219 3263 itu
234 3207 398 3277 recipienda
412 3223 473 3260 esse
488 3209 591 3274 censet,
611 3210 643 3261 ut
661 3226 686 3263 v.
702 3214 718 3262 9
732 3211 798 3278 post
811 3227 964 3279 γενομενης
976 3209 1024 3263 vel
1037 3227 1065 3264 v.
1081 3215 1127 3263 11

97 3283 164 3350 post
182 3276 402 3348 ἐπιλειπομένων
422 3277 544 3333 addatur
557 3271 637 3346 ἦσαν,
657 3281 723 3348 post
737 3277 958 3350 ἀποδειχθέντες
971 3278 1126 3334 inseratur

98 3349 158 3420 σύν,
177 3354 242 3420 post
260 3349 434 3422 προβούλους
453 3349 594 3403 sententia
612 3350 797 3404 concludatur
