2414 3840
510 197 669 249 -ς-
1035 199 1100 264 369

85 358 239 441 λέξοντα,
272 357 427 440 ἐφαίνετο
461 354 491 420 δ’
523 356 648 434 οὐδείς·
686 358 704 423 δ
736 359 800 442 γάρ
828 363 1002 436 Σικίννιος
1032 371 1101 438 τοῖς
1126 380 1138 396 ·

86 466 200 559 αὐτοῖς
227 463 385 540 πολλάκις
412 462 528 547 ἐχρῆτο
556 465 682 545 λόγοις·
714 462 910 550 παρέρχεται
937 468 1019 531 κατά
1040 469 1100 544 τάς

83 569 281 655 ὑποσχέσεις
294 569 438 646 Λεύκιος
453 566 594 646 Ἰούνιος
617 570 742 646 ἐκεῖνος
765 569 783 635 δ
806 573 1011 656 βουλόμενος
1034 573 1101 638 ἐπι-

85 683 264 743 καλεῖσθαι
286 681 437 762 Βροῦτος
463 674 518 741 καὶ
545 676 655 760 τυχὼν
684 676 903 761 ἐπισημασίας
929 680 1019 764 παρά
1041 690 1102 746 τοῦ

85 788 239 868 πλήθους
271 782 399 868 ἀθρόας
431 783 589 865 τοιαύτην
622 780 754 847 διέθετο
787 785 1008 870 δημηγορίαν·
1056 765 1136 879 To?

28 889 164 967 αο4δέος
181 890 278 975 ὑμᾶς,
302 885 327 953 ὦ
347 890 499 973 δημόται,
521 889 559 953 τὸ
577 899 645 952 τῶν
663 892 846 973 πατρικίων
864 890 1035 974 ἐντετηκὸς
1054 895 1102 957 ἔτι

84 1007 157 1073 ταῖς
180 1005 302 1080 ύυχαίς
325 993 522 1077 ἐκπλήσσειν
545 997 647 1078 έοικε,
677 992 732 1059 καὶ
755 996 812 1061 διά
834 1006 933 1063 τοῦτο
956 1021 1102 1064 τεταπει-

84 1101 232 1186 νωμένοι
259 1099 376 1185 φέρειν
402 1103 482 1176 τοὺς
509 1102 631 1183 λόγους
658 1103 706 1178 είς
732 1100 852 1186 μέσον,
884 1095 934 1180 οἷς
961 1105 1102 1170 είύθατε

85 1215 233 1294 χρῆσθαι
255 1209 337 1293 πρὸς
360 1207 536 1289 ἀλλήλους,
564 1205 699 1274 ὀκνεῖτε.
746 1214 850 1273 οίεται
873 1207 903 1274 δ’
927 1215 1006 1287 ίσος
1029 1210 1102 1276 ἕκα-

86 1332 164 1392 στος
190 1314 286 1400 ὑμῶν
314 1316 373 1380 τὸν
400 1317 544 1397 πλησίον
566 1311 650 1399 ύπέρ
672 1323 733 1380 τοῦ
755 1324 874 1381 κοινοῦ
897 1314 1019 1401 λέξειν,
1045 1315 1102 1383 καὶ
1117 1335 1143 1374 1⁰

84 1423 212 1498 πάντας
230 1425 368 1505 μᾶλλον,
393 1425 427 1485 εί
441 1443 473 1484 τι
490 1419 697 1504 κινδύνευμά
714 1421 817 1505 ἐστιν,
835 1423 1026 1507 ὑπομενεῖν,
1044 1425 1102 1489 αύ-

85 1529 144 1604 τὸς
172 1525 202 1593 δ’
229 1527 266 1592 ἐν
293 1534 339 1614 τῷ
368 1526 513 1610 ἀσφαλεῖ
533 1527 696 1609 βεβηκώς,
723 1526 797 1590 ὅτι
819 1525 861 1591 ἀν
885 1527 921 1593 ἐκ
944 1537 1005 1593 τοῦ
1028 1535 1102 1595 τολ-

85 1642 196 1718 μηροῦ
228 1633 373 1717 χρηστὸν
405 1630 632 1717 περιγένηται,
664 1630 785 1695 τούτου
817 1632 854 1696 τὸ
887 1631 987 1715 μέρος
1014 1633 1101 1713 ἕξειν

86 1739 204 1816 ἀδεῶς·
226 1749 335 1815 κακῶς
358 1739 463 1814 είδῶς.
500 1739 531 1803 εί
551 1738 615 1823 γάρ
639 1736 780 1813 ἅπαντες
801 1746 899 1803 τοῦτο
922 1737 1102 1822 ὑπολάβοι-

87 1869 165 1931 μεν,
192 1845 213 1929 η
240 1841 320 1910 καθ’
342 1843 401 1909 ἕνα
428 1844 523 1927 ὑμῶν
551 1842 691 1910 ἕκαστον
718 1841 857 1928 ἀτολμία
879 1845 974 1928 κοινη
999 1853 1102 1911 πᾶσιν
1116 1862 1142 1904 1⁶

87 1955 180 2018 ἐσται
203 1952 326 2035 βλάβη,
352 1947 408 2016 καί
432 1950 468 2016 ἐν
491 1942 517 2039 ᾧ
541 1951 578 2016 τὸ
603 1951 691 2015 ίδιόν
718 1971 768 2026 τις
791 1947 937 2034 ἀσφαλές
961 1950 1102 2017 ἀποσκο-

86 2069 145 2124 πεῖ
171 2060 208 2123 τὸ
236 2059 317 2142 μετά
345 2058 480 2123 πάντων
507 2058 624 2123 κοινὸν
651 2055 774 2122 ἀπολεῖ,
820 2053 890 2122 ἀλλ’
919 2059 949 2123 εί
975 2055 1029 2123 καλ
1058 2060 1139 2143 μη4

87 2167 251 2251 πρότερον
281 2165 420 2248 ἔγνωτε,
452 2164 504 2229 δτι
531 2160 665 2228 λέλυται
690 2164 728 2228 τὸ
758 2161 833 2240 δέος
860 2160 954 2248 ὑμῶν
981 2162 1037 2230 καὶ
1064 2165 1102 2230 τὸ
1130 2145 1140 2166 ⁵

87 2271 271 2355 ἐλεύθερον
293 2271 360 2355 ἀμα
382 2280 453 2347 τοῖς
475 2269 590 2346 ὅπλοις
612 2271 755 2352 βεβαίως
776 2272 875 2353 ἔχετε,
898 2278 963 2335 νῦν
984 2267 1015 2354 γ’
1038 2272 1102 2354 ἤδη

88 2377 212 2462 μάθετε
236 2377 449 2453 διδασκάλοις
471 2375 674 2462 χρησάμενοι
695 2377 834 2452 τούτοις.
872 2377 908 2441 οί
923 2378 986 2462 γάρ
1005 2377 1103 2462 ὑπερ·
1117 2412 1145 2452 20

87 2487 214 2568 ήφανοι
236 2481 292 2548 καὶ
315 2486 428 2568 βαρεῖς
451 2482 512 2548 οὐκ
536 2481 761 2571 ἐπιτάττοντες
779 2482 859 2566 ύμῖν
878 2482 921 2559 ῶς
939 2485 1103 2568 πρότερον

87 2591 230 2673 ἥκουσιν
254 2585 328 2655 οὐδ’
350 2590 574 2673 ἀπειλοῦντες,
597 2588 680 2654 ἀλλά
703 2590 857 2673 δεόμενοι
879 2587 934 2653 καὶ
956 2610 1103 2673 παρακα-

32 2702 243 2780 205λοῦντες,
271 2693 324 2761 ἐπὶ
346 2697 386 2761 τά
409 2693 549 2780 ὑμέτερα
571 2695 658 2780 ὑμᾶς
680 2693 842 2779 κατιέναι,
866 2692 921 2759 καί
946 2695 990 2772 ῶς
1013 2694 1103 2761 ἐλευ-

164 2894 178 2942 1
198 2885 264 2944 οὐδὲ
284 2885 324 2951 εἷς
340 2887 364 2940 Β
433 2896 448 2942 2
467 2886 649 2958 προςέρχεται
668 2885 690 2940 0
727 2884 893 2958 προέρχεται
911 2888 1014 2943 Portus
1032 2908 1105 2958 παρ-

90 2957 202 3029 έρχεται
224 2959 333 3028 Kayser
355 2958 427 3014 Ann.
449 2957 520 3028 phil.
542 2963 609 3013 1866
633 2976 661 3027 p.
680 2965 715 3012 46
806 2963 822 3011 9
846 2959 935 3013 οίεται
958 2957 987 3014 δ’
1008 2976 1061 3016 om.
1080 2959 1104 3012 B

91 3037 124 3084 11
145 3031 255 3093 πάντας
277 3034 381 3101 μᾶλλον
401 3029 423 3084 Ο
460 3029 509 3084 καὶ
532 3028 616 3091 αὐτὸς
639 3027 709 3098 μετά
726 3026 840 3085 πάντων
859 3035 963 3101 μᾶλλον
983 3030 1105 3099 Sylburg

89 3109 149 3156 πᾶν
175 3101 299 3171 ἀσμενον
325 3117 347 3155 ο.
373 3099 538 3155 dubitanter
560 3099 704 3170 Kiessling
739 3098 848 3162 πάντας
868 3096 976 3155 ἑαυτῶν
999 3104 1104 3170 μᾶλλον

88 3173 198 3241 Kayser
217 3173 235 3226 l.
254 3173 273 3226 l.
292 3190 320 3241 p.
334 3169 562 3296 Μχύπομένειν
582 3170 604 3225 Ο
641 3172 696 3226 ὑπο
718 3177 793 3227 ενείν
812 3188 834 3227 ο.
854 3171 997 3239 Kiessling
1070 3175 1103 3224 13

89 3244 192 3299 τούτου
210 3243 256 3367 vt}
278 3251 359 3298 τοῦτο
494 3250 525 3297 16
545 3243 678 3312 ἀσφαλῶς
695 3192 743 3297 ἔτι
779 3240 904 3313 ἀσφαλὲς
921 3241 997 3295 ABb
1072 3247 1103 3295 1¹1

90 3314 189 3370 κοινὸν
209 3315 263 3368 de.
283 3313 388 3369 Reiske
458 3321 490 3369 19
508 3323 561 3368 νῦν
580 3333 611 3382 γε
631 3313 666 3382 δὴ
686 3330 708 3368 ο.
728 3313 817 3368 Cobet
835 3312 901 3367 Obs.
919 3330 947 3381 p.
963 3316 1014 3366 128
1069 3316 1104 3364 λθ

90 3386 124 3441 ού
144 3385 239 3456 γάρΒ
277 3383 307 3440 οἱ
321 3385 375 3457 γάρ
393 3386 420 3440 It
499 3391 533 3440 23
553 3382 675 3456 ἡμέτερα
692 3385 768 3438 ΑΒο
804 3381 924 3454 ὑμέτερα
943 3382 989 3436 Bb
1005 3386 1010 3453 Ι
1027 3401 1107 3436 κατι·

92 3457 168 3528 έναι]
189 3462 317 3511 κατεῖναι
335 3455 358 3510 Β

144 3556 245 3598 mom.
258 3556 324 3596 Ηατ.
335 3532 369 3596 ΠῘ
389 3567 427 3597 ιο.
441 3556 544 3600 Jacoby,
916 3547 961 3596 ‘tt
