2414 3840
134 152 201 218 380
563 152 724 204 -5-

200 312 401 379 LXXVIIII.
425 311 583 398 Πολέμου
603 307 641 376 δέ
655 316 830 377 πολιτικοῦ
844 314 888 389 ὡς
902 313 1048 390 ἅπαντες
1062 318 1154 378 ίσασι

134 421 251 486 κάκιον
274 429 383 507 χρήμα
406 417 518 503 οὐδέν,
543 419 580 484 ἐν
602 409 629 507 ᾦ
652 420 692 484 τδι
715 415 777 504 μὲν
795 417 1009 505 κρατηθέντα
1028 420 1154 505 ἀτυχεῖ,

134 528 175 592 τά
203 522 240 591 δὲ
266 528 476 609 κρατήσαντα
504 522 627 607 ἀδικεῖ,
656 522 711 588 καὶ
738 527 886 610 περίεστι
908 533 978 601 τοῖς
1002 521 1066 609 μέν
1088 525 1153 592 ὑπὸ
1196 543 1197 546 ’

134 642 202 697 τῶν
230 631 399 716 φιλτάτων
426 631 653 712 ἀπόλλυσθαι,
681 641 751 707 τοῖς
779 627 816 695 δὲ
842 632 883 696 τά
911 632 1056 715 φίλτατα
1086 634 1154 698 διο-

108 737 238 804 σλέσαι.
284 736 337 804 ἐπὶ
368 737 537 814 τοιαύταις
569 737 610 819 δὴ
642 738 757 821 τύχαις
787 735 842 802 καὶ
873 749 1067 824 συμφοραῖς
1093 739 1156 804 οὐκ

137 845 302 922 εὐκταίαις
324 846 407 929 μήτε,
427 844 533 928 ὑμεῖς,
556 838 582 907 ὦ
604 845 782 929 πατρίκιοι,
805 848 933 908 καλεῖτε
950 843 1049 927 ἡμᾶς,
1075 845 1155 928 μήτε

136 952 230 1035 ἡμεῖς
253 951 366 1027 αὐτοῖς
387 950 619 1034 ὑπακούωμεν,
643 945 669 1014 ὦ
689 950 841 1034 δημόται,
865 945 951 1032 ἀλλ’,
974 949 1020 1026 ὡς
1040 949 1199 1035 διήρη-Ιει

137 1081 196 1123 κεν
218 1058 303 1142 ἡμᾶς
326 1052 383 1122 ἀπ’
405 1056 559 1140 ἀλλήλων
580 1056 601 1139 ἡ
624 1057 724 1140 τύχη,
749 1053 945 1141 στέργωμεν.
988 1054 1156 1140 ἐχέτωσαν

138 1161 199 1248 μέν
222 1158 327 1248 <οὖν>
355 1158 450 1228 οὗτοι
475 1162 538 1244 τὴν
564 1163 664 1226 πόλιν
692 1161 775 1246 ὅλην
801 1159 857 1226 καὶ
882 1161 1156 1247 καρπούσθωσαν

99 1292 124 1332 ιο
138 1270 233 1353 ἡμῶν
260 1270 337 1353 δίχα
364 1265 420 1332 καὶ
442 1277 510 1331 τῶν
532 1268 645 1331 ἀλλων
668 1267 807 1351 ἀγαθῶν
831 1266 987 1332 ἁπάντων
1011 1267 1156 1333 ἀπολαυ-

138 1374 266 1438 έτωσαν
298 1376 412 1459 μόνοι,
443 1376 523 1450 τοὺς
554 1377 730 1451 ταπεινοὺς
757 1372 813 1439 καὶ
841 1372 982 1451 ἀδόξους
1010 1375 1157 1458 δημότας

138 1480 334 1563 ἐκβαλόντες
357 1479 393 1545 ἐκ
410 1488 469 1563 τῆς
486 1481 659 1564 πατρίδος·
694 1481 979 1564 ἀπαλλαττώμεθα
998 1476 1031 1545 δ’
1051 1481 1156 1568 ἡμεῖς,

23 1606 30 1619 ·
139 1587 216 1652 ὅποι
233 1584 307 1653 ποτ’
325 1585 367 1652 ἀν
386 1586 471 1670 ἡμᾶς
489 1586 507 1652 ὁ
528 1588 656 1671 δαίμων
675 1588 739 1673 ἀγη
757 1590 861 1652 τόπον
880 1587 1059 1670 ἀλλότριον
1073 1587 1156 1653 έκλι-

103 1699 214 1762 2πεῖν
236 1697 445 1780 νομίσαντες,
469 1693 511 1759 ού
533 1696 632 1758 πόλιν
657 1695 754 1760 ίδίαν.
793 1694 870 1759 ούτε
893 1695 956 1779 γάρ
974 1692 1072 1777 ἡμῶν
1090 1716 1156 1758 τινι

98 1821 124 1861 1⁵
139 1800 263 1866 ἐνθάδε
281 1800 494 1866 ὑπολείπεται
512 1806 633 1885 κλήρος
651 1808 712 1884 γῆς
730 1801 807 1865 οὔτε
825 1806 982 1886 πατρῷον
999 1797 1157 1884 ἐφέστιον

140 1907 216 1971 ούτε
240 1908 312 1993 ίερά
334 1909 431 1973 κοινδι
455 1906 531 1971 ούτε
555 1905 682 1990 ἀξίωμα
706 1907 750 1983 ὡς
772 1906 808 1971 ἐν
827 1907 973 1989 πατρίδι,
998 1899 1048 1970 ὧν
1066 1927 1156 1991 περι-

140 2015 291 2097 εχόμενοι
314 2018 561 2098 φιλοχωροῖμεν
585 2011 626 2076 ἀν
648 2010 704 2077 καὶ
727 2012 817 2097 παρά
839 2012 978 2096 γνώμην
998 2010 1159 2098 [μένειν],

139 2115 211 2183 ἀλλ’
233 2113 307 2184 οὐδ’
328 2119 349 2202 ἡ
375 2120 557 2202 [μετὰτῶν
580 2118 705 2200 ὅπλων]
725 2128 795 2194 τοῖς
818 2118 948 2202 σώμασι
973 2119 1055 2202 μετδι
1078 2123 1157 2183 πολ-

140 2230 208 2290 λῶν
230 2228 345 2290 πόνων
368 2225 556 2310 ἐλευθερία·
589 2222 659 2289 ἐπεὶ
681 2224 721 2288 τδι
744 2219 806 2307 μὲν
829 2224 865 2288 οἱ
879 2221 999 2288 πολλοὶ
1017 2226 1158 2309 πόλεμοι

99 2352 126 2392 ιο
140 2329 352 2417 διέφθειραν,
375 2332 416 2396 τδι
439 2326 472 2395 δ’
489 2329 510 2412 ἡ
529 2339 596 2394 τῶν
619 2325 697 2394 καθ’
719 2328 846 2414 ἡμέραν
865 2328 1058 2412 ἀναγκαίων
1077 2329 1157 2394 σπά-

139 2463 192 2514 νις
215 2437 411 2520 ἐξανήλωσε,
434 2436 474 2500 τά
498 2433 529 2500 δ’
550 2436 616 2501 ὑπὸ
639 2445 707 2500 τῶν
725 2434 951 2521 ὑπερηφάνων
971 2435 1156 2500 δανειστῶν

139 2545 268 2625 τούτων
301 2541 534 2629 ἀφῃρέθημεν·
571 2533 622 2618 οἷς
652 2546 868 2616 τελευτῶντες
899 2540 1205 2625 ήναγκαζόμεθαΙιι

139 2653 219 2726 τοὺς
241 2648 369 2715 ἑαυτῶν
387 2650 532 2735 κλήρους
550 2649 586 2712 οί
602 2648 743 2712 δείλαιοι
760 2657 932 2733 γεωργεῖν,
956 2647 1158 2722 σκάπτοντες

141 2758 342 2841 φυτεύοντες
365 2756 525 2838 ἀροῦντες
546 2757 685 2838 ποίμνια
707 2752 864 2838 νέμοντες
885 2750 1070 2835 ὁμόδουλοι
1088 2763 1157 2830 τοῖς

100 2882 126 2923 ετ
142 2863 270 2928 ἑαυτῶν
293 2862 500 2947 δορικτήτοις
522 2861 747 2944 ἀνδραπόδοις
770 2862 874 2941 ὄντες,
902 2860 937 2923 οί
958 2856 1021 2943 μὲν
1042 2860 1156 2925 ἁλύσει

213 3042 228 3090 9
248 3031 299 3090 ούν
314 3035 378 3090 add.
393 3034 543 3121 Kiessthg⁸
556 3110 561 3120 χ
574 3110 579 3120 .
592 3029 822 3120 12έκόάλλοντες
834 3032 881 3087 Ba
897 3037 901 3098 Ι
918 3032 1155 3103 ἀπαλλαττόμεθα

141 3126 163 3179 Β
228 3130 261 3180 16
280 3121 475 3193 περιεχόμενοι
492 3122 688 3194 περιεχόμενοι
706 3121 753 3176 Bb
821 3127 852 3175 17
872 3118 970 3191 μένειν
989 3121 1044 3176 δο1.
1064 3121 1155 3175 Riese·

140 3197 202 3265 ling
258 3201 291 3249 18
310 3195 439 3264 *πόμασι
457 3193 506 3248 καλ
525 3195 594 3263 μετὰ
612 3192 708 3248 πόνων
722 3196 860 3262 κτηθεῖσα
874 3209 897 3246 ο.
914 3192 1038 3262 Sylburg
1073 3190 1155 3260 ἡδιδι

141 3277 197 3322 τῶν
222 3266 315 3320 ὅπλων
338 3264 408 3335 μετδι
426 3268 534 3318 πολλῶν
553 3263 649 3320 πόνων
669 3267 822 3333 ζητηθεῖσα
841 3259 991 3332 ἐλευθερία
1010 3280 1033 3318 ο.
1053 3261 1155 3316 Reiske

141 3338 210 3409 μετὰ
224 3345 280 3391 τῶν
295 3336 389 3390 ὅπλων
403 3334 482 3388 uncis
494 3335 595 3390 seclusi
632 3342 665 3390 22
680 3332 900 3404 ἠναγκαζόμεθα
909 3333 1015 3388 Reiske
1034 3335 1155 3404 ἀναγκα-

139 3409 249 3481 ζόμεθα
269 3406 291 3461 Ο
355 3409 389 3460 25
408 3405 505 3460 ἁλύσει
523 3404 545 3459 0
583 3405 697 3461 ἁλύσεσι
715 3405 786 3459 duce
804 3404 920 3459 Reiskio
939 3423 962 3460 ο.
981 3403 1125 3474 Kiesslin‘g
