2414 3840
494 191 658 241 -Ε-
1021 189 1084 253 151

95 366 151 415 νασι
175 360 235 416 τοῦ
260 353 361 415 θείου
389 351 656 434 προσπίπτουσιν
683 350 728 427 ῶς
752 348 795 414 δι’
820 350 950 416 ἐκείνου
974 356 1087 433 σωθη-

90 459 215 542 σόμενοι.
255 456 475 532 κελεύσαντος
497 452 535 520 δὲ
553 465 614 522 τοῦ
627 457 781 543 Βρούτου
799 469 869 534 τοῖς
887 456 1088 543 ῥαβδούχοις

84 560 225 628 ἀποσπᾶν
248 562 371 640 αὐτοὺς
393 559 449 626 καὶ
472 561 611 646 ἀπάγειν
635 560 689 628 ἐπὶ
711 564 771 628 τὸν
792 563 961 646 θάνατον,
990 563 1021 628 εί
1041 563 1085 647 μή

78 669 248 750 βούλοιντο
277 668 568 751 ἀπολογήσασθαι,
600 669 721 753 μικρὸν
744 668 889 753 ἐπισχεῖν
911 680 980 745 τοῖς
1003 669 1086 754 ὑπη-

72 775 178 861 ρέταις
206 774 225 841 ό
249 777 457 853 Καλλατῖνος
484 775 603 858 είπάν,
632 774 694 853 ἕως
721 784 766 863 τῷ
791 776 993 861 συνάρχοντι
1016 777 1113 843 δια-ε

70 887 189 968 λεχθῇ,
220 882 335 966 λαβὼν
357 882 417 945 τὸν
440 881 548 966 ἄνδρα
570 883 758 965 καταμόνας
780 882 905 957 πολλὰς
928 880 1086 960 ἐξέτεινεν

67 985 153 1074 ύπέρ
180 999 250 1054 τῶν
277 989 457 1072 μειρακίων
485 987 627 1071 δεήσεις·
663 989 704 1051 τά
730 983 792 1072 μὲν
817 986 1086 1071 ἀπολογούμενος

71 1095 116 1172 ὡς
147 1096 204 1160 διδι
230 1076 387 1177 νεότητος
413 1093 533 1158 άνοιαν
560 1090 616 1158 καλ
643 1094 791 1179 πονηράς
818 1096 929 1178 φίλων
957 1092 1087 1177 ὁμιλίας

71 1202 119 1277 είς
152 1200 279 1283 ταύτην
316 1197 527 1282 ἐμπεσόντων
562 1198 625 1282 τήν
661 1198 942 1284 φρενοβλάβειαν,
978 1200 1018 1263 τά
1049 1196 1086 1265 δὲ

72 1311 271 1392 παρακαλῶν
299 1304 404 1394 ἑαυτῷ
432 1307 636 1391 χαρίσασθαι
662 1306 720 1382 τάς
746 1307 854 1390 ύυχάς
875 1317 943 1371 τῶν
966 1322 1084 1390 συγγε-
1099 1329 1126 1368 ιο

16 1423 141 1478 εθ4νῶν
163 1416 243 1498 μίαν
266 1411 452 1500 αἰτουμένῳ
474 1411 600 1495 ταύτην
622 1411 684 1495 τήν
708 1413 838 1498 δωρεάν
860 1411 1009 1498 καὶπερὶ
1029 1413 1120 1482 οὐ-3

81 1519 168 1597 δενὸς
199 1521 248 1584 ἔτι
280 1516 395 1603 ἑτέρου
422 1517 651 1603 ἐνοχλήσοντι,
684 1519 724 1583 τά
752 1514 789 1583 δέ
818 1520 1001 1602 διδάσκων,
1034 1520 1085 1584 ότι

83 1631 345 1711 συνταραχθῆναι
367 1627 526 1701 κίνδυνος
544 1625 626 1708 ὅλην
648 1625 710 1707 τήν
728 1627 837 1707 πόλιν,
862 1624 920 1690 ἐάν
939 1626 1085 1702 ἅπαντας

87 1729 259 1817 ἐπιχειρῶσι
281 1731 418 1818 θανάτςο
439 1732 576 1814 ζημιοῦν
592 1733 672 1806 τοὺς
691 1729 850 1808 δόξαντάς
867 1754 900 1795 τι
919 1730 1085 1816 συμπράτ-

16 1838 18 1847 ’
88 1858 142 1903 τειν
168 1847 240 1915 τοῖς
269 1836 417 1921 φυγάσιν
446 1833 529 1922 ὑπὲρ
558 1846 616 1920 τής
644 1836 812 1901 καθόδου·
847 1839 992 1913 πολλοὺς
1021 1838 1084 1922 γάρ
1100 1858 1126 1898 ιε

91 1936 230 2010 εἶναικαὶ
249 1942 311 2008 ούκ
329 1942 466 2027 ἀσήμων
485 1943 600 2008 οίκιῶν
619 1941 738 2019 ἐνίους.
771 1944 815 2020 ὡς
834 1941 865 2008 δ’
884 1942 946 2008 οὐκ
960 1946 1084 2025 ἔπειθε,

91 2054 233 2117 τελευτῶν
255 2047 351 2133 ἠξίου
374 2050 418 2134 μὴ
441 2049 603 2131 θάνατον,
628 2048 712 2114 ἀλλὰ
729 2028 866 2134 μετρίαν
883 2048 954 2116 κατ’
975 2050 1086 2116 αὐτῶν

92 2151 182 2237 ὁρίσαι
207 2158 362 2239 κόλασιν,
394 2157 518 2222 άτοπον
542 2150 628 2221 εἶναι
651 2155 758 2238 λέγων
780 2159 859 2233 τοὺς
881 2153 942 2241 μὲν
965 2157 1085 2242 τυράν-

90 2281 151 2341 νους
177 2273 303 2348 φυγαῖς
330 2262 547 2347 ἐζημιῶσθαι,
575 2264 654 2339 τοὺς
681 2258 718 2326 δὲ
740 2273 807 2328 τῶν
830 2265 1007 2348 τυράννοιν
1030 2266 1085 2347 φί-

89 2368 149 2446 λους
165 2369 313 2457 θανάτῳ.
346 2366 578 2452 ἀντιλέγοντος
597 2365 634 2433 δὲ
652 2367 707 2433 καὶ
725 2370 808 2454 πρὸς
826 2370 887 2452 τήν
906 2368 1085 2435 ἐπιείκειαν
1098 2390 1125 2430 εο

87 2482 128 2558 τῆς
147 2476 315 2552 κολάσεως
337 2485 398 2541 τοῦ
421 2475 545 2561 ἀνδρὸς
567 2473 622 2541 καὶ
646 2473 719 2541 οὐδ’
742 2477 789 2553 είς
810 2473 942 2562 ἑτέρους
961 2475 1084 2559 ἀναβα-

86 2578 190 2649 λέσθαι
217 2584 360 2667 χρόνους
387 2583 445 2658 τάς
471 2584 596 2668 κρίσεις
619 2593 686 2647 τῶν
709 2582 746 2648 ἐν
769 2593 841 2660 ταῖς
864 2585 983 2661 αἰτίαις
1005 2586 1084 2667 βου-

85 2688 230 2773 λομένου·
266 2690 438 2753 τελευταία
459 2689 523 2773 γάρ
547 2688 629 2772 αύτη
648 2698 709 2754 τοῦ
728 2689 954 2774 συνάρχοντος
973 2688 1085 2774 δέησις

83 2786 125 2874 ήν·
161 2791 235 2861 ἀλλ’
258 2794 452 2880 αὐθημερὸν
479 2793 672 2860 ἀποκτενεῖν
699 2795 845 2873 ἅπαντας
868 2795 1084 2874 ἀπειλοῦντος

80 2899 123 2966 καί
147 2899 386 2985 διομνυμένου,
410 2898 589 2985 ἀδημονῶν
612 2900 630 2966 ὁ
654 2903 858 2978 Κολλατῖνος
881 2899 933 2967 ἐπὶ
956 2910 1001 2990 τῷ
1023 2928 1083 2988 μη-
1097 2923 1123 2964 ετ

81 3005 167 3085 δενὸς
195 3001 244 3072 ὧν
270 3003 366 3089 ήξίου
391 3006 581 3090 τυγχάνειν,
613 3010 816 3092 Τοιγαροῦν,
845 3009 984 3091 ἔφησεν,
1014 3008 1083 3074 ἐπεὶ

79 3115 183 3192 σκαιὸς
207 3107 239 3178 εί
259 3110 315 3177 καλ
337 3113 454 3199 πικρὸς
476 3113 540 3196 ἐγὼ
563 3113 603 3177 τά
626 3113 779 3198 μειράκια
802 3113 1008 3199 ἀφαιροῦμαι
1026 3125 1084 3200 τῆς

140 3305 338 3375 8άγνοιανο
376 3305 478 3360 ἀνοιοιν
498 3303 570 3360 Smit
589 3305 653 3360 Obs.
672 3323 700 3374 p.
722 3309 755 3357 14
820 3311 851 3358 11
873 3301 1083 3372 ,αιτουμένφΒ

78 3372 301 3503 ἒλὸἐνογῖλήσιχχτχ
304 3371 416 3502 ῙῙἐτέρου
434 3376 457 3429 Β
515 3383 547 3431 16
567 3372 670 3447 ἐνίους]
686 3371 811 3437 ἐκείνους
824 3375 870 3428 Ba
925 3380 959 3427 23
974 3370 1083 3438 δεήσεις
