2414 3840
96 173 163 239 250
524 177 688 228 -Ε-

96 337 181 403 ἀλλὰ
198 337 257 401 τὸν
276 335 403 417 ἕτερον·
430 333 486 402 καὶ
500 335 701 422 κατέτριψαν
715 337 798 421 ὅλην
812 339 876 422 τὴν
889 337 1021 424 ἡμέραν
1034 339 1116 406 ἐκεί-

96 467 160 526 νην
191 444 250 520 τὰς
281 443 436 527 ἀλλήλων
468 443 585 529 ἀρετάς
617 442 900 531 ἐξαριθμούμενοι
929 442 989 510 καὶ
1021 450 1116 512 λιπα·

97 558 235 635 ροῦντες
261 549 305 632 μη
335 551 451 632 λαβεῖν
478 547 574 615 αὐτοὶ
601 550 665 633 τὴν
688 548 809 635 ἀρχήν,
837 551 922 617 ὥστε
945 550 985 618 ἐν
1007 557 1114 639 πολλῇ

96 652 255 737 γενέσθαι
287 657 366 732 τοὺς
398 656 435 721 ἐν
466 663 512 742 τῷ
546 656 711 742 συνεδρίῳ
740 658 909 741 παρόντας
936 657 1113 746 ἀμηχανίᾳ,

61 743 83 857 35
98 762 315 843 διαλυθείσης
338 757 375 826 δὲ
398 771 456 846 της
478 765 601 846 βουλῆς
620 761 656 826 οί
671 764 896 848 προσήκοντες
913 764 1000 828 κατὰ
1017 763 1115 847 γένος

97 864 255 955 ἑκατέρῳ,
286 864 341 932 καὶ
373 877 442 933 τῶν
472 870 583 934 ἄλλων
615 871 808 952 βουλευτῶν
840 870 877 934 οί
905 867 1115 954 ἐντιμότατοι

95 973 179 1059 πρὸς
205 975 264 1038 τὸν
288 974 438 1060 Λάρκιον
466 973 663 1059 ἀφικόμενοι
690 975 815 1052 πολλάς
843 974 1024 1042 ἐποιοῦντο
1055 986 1114 1044 τοῦ

96 1079 220 1164 ἀνδρὸς
247 1082 324 1166 άχρι
351 1085 475 1163 πολλης
501 1081 622 1157 νυκτὸς
651 1082 781 1166 δεήσεις
808 1080 1044 1167 διδάσκοντες,
1072 1083 1116 1162 ὡς

96 1185 133 1251 ἐν
161 1185 276 1274 ἐκείνῳ
304 1187 362 1263 τάς
389 1185 525 1263 ἐλπίδας
552 1187 572 1270 η
601 1187 707 1270 βουλὴ
735 1185 882 1253 τέθειται
904 1188 1031 1273 πάσας,
1061 1187 1115 1255 καί

58 1313 84 1352 ιο
97 1293 134 1356 τὸ
158 1291 393 1357 ἀσπούδαστον
417 1293 521 1358 αὐτοῦ
543 1290 619 1378 περὶ
641 1294 704 1378 τὴν
727 1294 833 1380 ἀρχὴν
854 1297 1009 1381 πονηρὸν
1029 1290 1115 1362 είναι

96 1405 141 1485 τῷ
175 1407 278 1486 κοινῷ
311 1397 472 1482 λέγοντες.
519 1399 537 1465 ὁ
571 1398 601 1464 δ’
628 1395 672 1484 ἦν
704 1399 822 1485 ἀτενὴς
852 1399 909 1467 καὶ
938 1404 1050 1468 πολλὰ
1079 1402 1114 1469 ἐν

96 1503 189 1590 μέρει
213 1504 369 1588 δεόμενός
390 1528 425 1570 τε
447 1504 504 1571 καὶ
522 1505 710 1588 ἀντιβολῶν
728 1505 868 1572 ἕκαστον
888 1507 1040 1575 διετέλει.
1074 1517 1112 1595 τῇ

97 1604 127 1675 δ’
145 1608 218 1694 ἑξῆς
235 1610 342 1698 ἡμέρα
359 1612 460 1677 πάλιν
473 1621 534 1678 τοῦ
547 1614 729 1698 συνεδρίου
744 1612 986 1699 συναχθέντος,
1001 1615 1112 1699 ἐπειδὴ

96 1714 152 1782 καὶ
182 1719 256 1784 τότε
284 1718 456 1802 διεμάχετο
483 1715 539 1784 καὶ
565 1721 766 1804 πειθόμενος
793 1719 859 1785 ὑπὸ
886 1721 1026 1788 πάντων
1052 1722 1116 1788 ούιι

57 1843 83 1884 15
97 1824 259 1909 ἀφίστατο
281 1833 340 1909 της
362 1825 507 1909 γνώμης,
531 1825 675 1918 ἀναστὰς
698 1825 890 1903 ὁΚλοίλιος
912 1826 1112 1915 ἀναγορεύει

96 1927 127 1996 τ’
154 1931 269 2014 αὐτόν,
293 1932 402 2016 ὥσπερ
426 1932 591 1997 εἰώθεσαν
611 1942 721 1997 ποιεῖν
741 1932 776 1997 οί
786 1923 1036 2018 μεσοβασιλεῖς,
1059 1931 1112 2000 καί

95 2037 157 2120 την
179 2037 340 2103 ὑπατείαν
363 2037 462 2113 αὐτὸς
484 2036 669 2121 ἐξόμνυται.

163 2143 312 2211 LXXIII.
346 2138 454 2220 Οὗτος
485 2155 615 2228 πρῶτος
643 2143 680 2210 ἐν
703 2141 811 2230 Ῥώμη
840 2147 1009 2231 μόναρχος
1037 2147 1111 2214 ἀτε-

99 2253 216 2336 δείχθη
249 2248 397 2334 πολέμου
428 2272 462 2314 τε
495 2249 551 2315 καὶ
584 2253 718 2338 εἰρήνης
752 2247 808 2316 καὶ
844 2253 970 2329 παντὸς
1009 2255 1111 2320 ἄλλου

58 2376 84 2417 ιο
97 2357 288 2443 πράγματος
302 2356 525 2443 αὐτοκράτωρ.
562 2358 668 2441 ὄνομα
682 2354 713 2422 δ’
731 2357 820 2446 αύτβ
835 2361 990 2424 τίθενται
1004 2359 1112 2426 δικτά-

96 2488 193 2548 τορα,
223 2469 287 2529 είτε
311 2464 367 2529 διὰ
389 2463 452 2546 την
474 2462 630 2541 ἐξουσίαν
652 2472 713 2529 τοῦ
735 2465 900 2547 κελεύειν,
929 2464 983 2530 ὅτι
1004 2465 1110 2550 θέλοι,

96 2568 151 2636 καλ
173 2571 303 2635 τάττειν
325 2571 366 2635 τά
390 2570 501 2635 δίκαιά
522 2592 558 2634 τε
580 2566 635 2634 καὶ
657 2570 699 2634 τὰ
720 2571 805 2634 καλά
826 2581 897 2647 τοῖς
920 2572 1048 2656 ἀλλοις,
1070 2573 1112 2651 όις

97 2675 139 2740 ἀν
162 2677 251 2764 αύτῷ
277 2678 373 2761 δοκῇ·
404 2676 444 2739 τά
466 2676 531 2760 γάρ
554 2673 754 2758 ἐπιτάγματα
772 2672 905 2753 καὶτὰς
924 2677 1112 2764 διαγραφὰς

96 2791 165 2847 τῶν
189 2783 329 2847 δικαίων
350 2803 386 2845 τε
408 2778 464 2845 καὶ
487 2780 613 2847 ἀδίκων
631 2780 749 2864 ἠδίκτα
768 2782 804 2847 οἱ
819 2778 976 2866 Ῥωμαῖοι
993 2789 1112 2850 καλοῦ-

58 2888 167 2953 ιισιν·
200 2892 264 2951 είτε
293 2887 338 2962 ὥς
365 2907 452 2962 τινες
474 2888 643 2972 γράφουσι
667 2888 724 2952 διά
745 2888 807 2971 την
829 2891 904 2953 τότε
927 2889 1112 2975 γενομένην

98 2992 294 3078 ἀνάρρησιν,
319 2991 431 3074 ἐπειδὴ
456 2992 497 3057 ού
519 2995 608 3079 παρὰ
630 3002 691 3059 τοῦ
715 2995 825 3079 δήμου
847 2995 910 3079 τὴν
933 2995 1042 3082 ἀρχὴν
1060 2996 1112 3062 εύ·

98 3103 239 3186 ρόμενος
265 3097 347 3162 κατὰ
373 3099 453 3173 τοὺς
479 3101 638 3184 πατρίους
665 3097 827 3184 ἐθισμούς
854 3098 941 3180 ἕξειν
965 3105 1110 3186 ἔμελλεν,

170 3290 315 3361 ῖπρὸςΟ
352 3290 388 3353 ὡς
406 3307 429 3344 ο.
448 3289 592 3359 Kiessling
654 3295 791 3360 8τολλης
810 3291 918 3347 εδδ.Β
978 3298 1012 3347 21
1031 3291 1109 3349 θέλει

98 3381 121 3418 ο.
140 3363 279 3416 ΒῆολιεΙιεε
359 3368 393 3416 22
417 3362 466 3416 καὶ
489 3361 659 3432 διαγράφειν
682 3362 718 3417 τά
737 3361 835 3417 δίκαιά
853 3382 883 3418 τε
902 3361 953 3419 καί
970 3361 1006 3418 τὰ
1023 3363 1116 3419 ἄδικαῑ

97 3440 156 3496 τοῖς
174 3433 268 3496 ἀλλοις
286 3449 309 3488 ο.
329 3432 458 3488 Schnelle
477 3434 574 3488 Exere.
592 3450 619 3503 p.
639 3439 655 3488 9
