2414 3840
104 189 184 254 m·
530 195 693 246 -ε-

103 353 139 430 ός
165 349 196 436 γ’
219 353 346 437 ὀλίγαις
373 349 433 437 μὲν
460 352 597 439 ἡμέραις
623 357 785 440 πρότερον
813 357 853 420 τά
875 359 1028 442 χρήματα
1050 368 1106 432 τοῖ

101 460 280 545 τυράννοις
307 460 392 543 ὑμᾶς
416 462 546 525 ἔπεισεν
569 460 769 545 ἀποδοῦναι,
798 463 921 547 ἵναμὴ
945 465 1030 529 κατά
1051 474 1106 530 τῶι

103 565 235 652 ἐχθρῶν
257 565 277 648 ἡ
301 569 397 643 πόλις
416 567 528 644 αὐτοῖς
547 570 603 653 έχγγ
623 574 770 654 χρῆσθαι
789 571 872 656 πρὸς
885 571 944 635 τὸν
959 574 1106 656 πόλεμον

101 672 184 737 ἀλλά
215 673 297 737 κατά
328 681 385 757 τῆς
417 676 544 749 πόλεως
571 673 606 738 οί
632 674 761 760 ἐχθροί·
799 685 863 741 νῦν
892 673 929 741 δέ
956 679 1037 754 τοὺς
1065 677 1106 743 ἐπ

73 780 238 866 εκαθόβςο
266 789 334 843 τῶν
355 779 532 864 τυράννων
556 779 850 865 συνομοσαμένους
873 781 1037 866 ἀφεῖσθαι
1059 792 1106 867 τῆς

101 888 258 971 τιμωρίας
287 891 391 950 οίεται
420 886 507 968 δεῖν,
536 885 675 963 ἐκείνοις
698 886 820 964 αὐτοὺς
843 889 1001 970 δηλονότι
1023 914 1106 976 χαρι

102 994 252 1078 ζόμενος,
285 988 344 1075 ἵν’,
373 991 432 1057 ἐάυ
459 992 523 1078 ἀρα
550 991 757 1058 κατέλθωσιν
785 988 843 1058 εἴτ’
870 993 906 1058 ἐκ
932 996 1106 1080 προδοσίας

101 1105 165 1164 εἴτε
188 1088 336 1187 πολέμφ,
353 1100 482 1176 ταύτας
503 1101 755 1185 προφερόμενος
777 1101 834 1176 τάς
857 1100 992 1186 χάριτας
1015 1099 1105 1167 ἀπάν

99 1228 167 1270 των
195 1205 239 1282 ὡς
267 1208 366 1290 φίλος
394 1205 483 1270 ὅσων
506 1203 547 1269 ἀν
571 1205 702 1291 αίρῆται
724 1202 801 1291 παρ’
824 1205 934 1271 αὐτῶν
957 1207 1106 1294 τυγχάνῃ

60 1288 87 1404 ,Ξ
103 1308 201 1376 ἔπειτ’
229 1311 293 1394 ἐγὼ
317 1321 384 1376 τῶν
408 1311 495 1395 ἐμῶν
519 1311 560 1376 οὐ
583 1311 783 1395 φεισάμενος
805 1309 930 1378 τέκνων
954 1322 1019 1378 σοῦ
1044 1317 1106 1397 φεί

101 1434 216 1500 σομαι,
244 1421 442 1500 Κολλατῖνε,
476 1417 513 1494 δς
540 1419 578 1482 τὸ
607 1413 668 1501 μὲν
696 1428 790 1501 σῶμα
816 1414 894 1503 παρ’
916 1417 997 1502 ἡμῖν
1020 1416 1106 1504 ἔχεις

99 1523 161 1606 τὴν
186 1519 222 1589 δὲ
244 1526 356 1608 ψυχὴν
378 1524 468 1608 παρά
489 1534 560 1600 τοῖς
581 1527 761 1608 πολεμίοις,
784 1521 936 1601 καὶτοὺς
954 1520 1017 1608 μὲν
1036 1546 1106 1611 προ

101 1631 199 1706 δότας
229 1639 287 1713 τῆς
318 1630 477 1714 πατρίδος
505 1629 633 1713 σώζεις,
666 1626 722 1713 ἐμὲ
750 1625 787 1694 δὲ
813 1631 874 1694 τὸν
900 1626 985 1715 ὑπὲρ
1014 1631 1106 1718 αὐτῆς

100 1735 344 1822 ἀγωνιζόμενον
373 1735 575 1813 ἀποκτενεῖς;
605 1738 729 1824 πόθενς
760 1741 887 1800 πολλοῦ
910 1735 1029 1819 γεκαὶ
1055 1740 1106 1806 δεῖ

60 1860 87 1901 15
101 1839 172 1906 ἀλλ’
194 1843 250 1907 ’ίνα
273 1838 377 1927 μηδὲν
401 1844 448 1906 έτι
471 1849 625 1906 τοιοῦτον
648 1840 816 1927 ἐξεργάσῃ,
839 1843 901 1926 τὴν
924 1838 986 1926 μὲν
1009 1843 1106 1931 ἀρχὴι

100 1948 311 2034 ἀφαιροῦμαί
336 1964 372 2014 σε
399 1946 455 2014 καλ
481 1951 580 2013 πόλιν
609 1946 724 2033 ἑτέραν
751 1949 875 2014 κελεύω
903 1953 1106 2034 μεταλαβεῖν

98 2055 180 2140 ὑμῖν
208 2053 255 2138 δ’,
280 2050 305 2119 ὦ
329 2058 475 2137 πολῖται,
503 2063 619 2139 ψῆφον
648 2053 809 2119 ἀναδῶσω
832 2053 973 2132 καλέσας
997 2057 1106 2124 αὐτίκα

99 2161 186 2246 μάλα
208 2163 287 2238 τοὺς
309 2164 444 2245 λόχους,
473 2161 528 2225 ίνα
552 2162 749 2244 διαγνῶσιν,
776 2163 807 2225 εί
827 2162 890 2246 χρὴ
912 2159 1005 2226 ταῦτ’
1029 2159 1106 2229 είυαι

98 2268 210 2354 κύρια·
248 2263 285 2334 εὖ
309 2265 340 2332 δ’
363 2274 432 2333 ίστε
461 2267 538 2349 [ότι]
568 2268 662 2332 δυεῖν
689 2267 835 2352 θάτερον
858 2266 879 2350 ἢ
903 2270 1106 2336 Κολλατῖνον

58 2395 85 2434 ευ
99 2373 228 2452 ἕξοντες
244 2375 373 2440 ὕπατον
395 2373 416 2458 ἢ
439 2378 600 2459 Βροῦτον.

165 2480 222 2547 XJ.
258 2485 402 2546 Τοιαῦτα
431 2476 468 2544 δέ
494 2477 651 2562 λέγοντος
678 2479 781 2546 αὐτοῦ
809 2483 899 2564 βοῶν
926 2478 982 2544 καὶ
1006 2483 1106 2549 δεινο-

98 2592 220 2651 παθῶν
248 2585 265 2650 ὁ
287 2590 493 2664 Κολλατῖνος
516 2586 696 2671 ἐπίβουλόν
718 2609 753 2651 τε
776 2585 832 2652 καὶ
853 2588 1023 2672 προδότην
1046 2601 1106 2656 τῶν

100 2693 209 2775 φίλων
239 2691 340 2756 αὐτὸν
363 2689 440 2778 παρ’
462 2691 582 2757 ἕκαστα
605 2691 780 2757 ἀποκαλῶν
803 2690 858 2757 καὶ
880 2693 921 2757 τά
943 2690 1005 2778 μὲν
1029 2693 1106 2780 ὑπὲρ

99 2807 166 2862 τῶν
196 2793 320 2882 <καθ’>
350 2795 472 2863 ἑαυτοῦ
501 2799 668 2881 διαβολῶν
697 2797 982 2881 ἀπολογούμενος,
1015 2803 1056 2866 τά
1078 2796 1105 2866 δ’

58 2924 85 2965 εε
99 2900 183 2990 ὑπὲρ
208 2915 276 2970 τῶν
299 2903 490 2989 ἀδελφιδῶν
514 2905 672 2990 δεόμενος
693 2908 810 2989 ψῆφόν
832 2927 867 2970 τε
889 2902 968 2971 καθ’
991 2904 1106 2972 ἑαυτοῦ

170 3101 186 3150 ὅ
206 3103 264 3162 τοῖς
281 3095 431 3168 τυράννοις
450 3096 472 3150 0
492 3113 561 3151 corr.
579 3096 683 3151 Reiske
752 3105 767 3152 6
788 3099 874 3166 δῆλον
892 3095 941 3150 Bc
1010 3105 1026 3153 9
1046 3098 1106 3154 ὅσον

99 3167 135 3223 διν
153 3166 253 3238 δέηται
272 3167 427 3239 αἱρῆταιΑ
455 3165 527 3223 όσων
546 3168 695 3238 άνδρηται.
715 3169 762 3223 Ba
789 3168 862 3223 όσων
881 3166 917 3223 διν
937 3167 1051 3295 αίρὲται
1064 3169 1106 3224 Bb

135 3246 168 3296 10
186 3239 293 3296 τέκνων
312 3238 408 3294 om.B
446 3243 480 3293 14
498 3238 731 3302 *άποκτείνειςΟ
764 3240 930 3304 ἀποκναίεις
948 3257 971 3294 ο.
1006 3239 1106 3296 intenis

98 3312 157 3368 Em.
181 3311 263 3366 Dion.
282 3311 309 3364 Π
328 3316 360 3364 17
440 3316 472 3364 15
490 3311 641 3365 τοιοῦτοΒ
720 3317 753 3365 16
772 3311 938 3382 μεταβαλεῖν
957 3310 1004 3364 Bb
1076 3317 1106 3366 18

98 3381 216 3505 goim
252 3380 412 3453 μάλισταΒ
496 3387 529 3436 19
549 3379 591 3436 ὅτι
610 3381 664 3436 del.
683 3380 786 3436 Reieke
867 3388 900 3436 22
921 3378 1106 3508 έπ<ί>1βουλον

126 3452 145 3506 b
202 3457 237 3508 24
256 3449 327 3508 καθ’
349 3452 413 3508 add.
433 3451 522 3507 Cobet
541 3451 607 3508 obs.
625 3471 653 3522 p.
673 3451 873 3524 971αάτοῶο
928 3459 962 3508 25
981 3474 1000 3508 α
1020 3453 1106 3509 τοῦΒ
