2414 3840
90 117 136 183 40
363 78 367 85 ⁵
518 121 684 172 -Δ-

91 303 159 345 των
193 279 340 346 ἀπέδωκε
372 291 439 344 τῶν
470 291 594 346 κοινῖον
627 280 741 358 αὐτοῖς
767 279 929 365 μετέχειν,
962 274 1012 346 ὧν
1038 291 1111 359 τοῖς

93 388 206 464 ἀλλοις
230 388 429 472 δημοτικοῖς.

159 493 283 560 XXIII
312 489 524 579 Ἀχθομένων
544 491 581 560 δέ
599 507 666 560 τῶν
680 499 862 582 πατρικίων
876 493 929 561 έπλ
943 501 988 583 τῷ
1003 495 1110 580 πράγ-

93 624 170 685 ματι
193 599 248 666 καλ
270 602 609 687 δυσανασχετούντων
632 600 884 686 συγκαλέσας
854 625 892 667 το
911 606 1043 686 πλῆθος
1062 603 1112 678 είς

70 707 270 789 εέκκλησίαν
294 711 436 792 Πρῶτον
464 704 524 793 μὲν
546 709 746 793 θαυμάζειν,
769 710 850 792 ἔφη,
872 718 941 773 τῶν
964 706 1111 790 ἀγανακ-

93 815 292 896 τούντων,ε
277 816 363 899 είτη
382 816 483 900 φύσει
501 817 538 880 τὸ
558 815 739 900 ἐλεύθερον
759 820 887 880 οίονται
905 823 965 879 τοῦ
980 815 1111 880 δούλου

93 1027 149 1093 καὶ
176 1039 246 1106 τοῖς
272 1031 408 1115 τρόποις
435 1028 620 1108 ἐξετάζουσι
646 1032 725 1106 τοὺς
753 1027 866 1107 ἀξίους
892 1038 959 1093 τῶν
984 1031 1111 1111 καλῶν,

89 1135 177 1205 ,ἀλλὰ
204 1147 276 1213 ταῖς
308 1138 514 1220 συντυχίαις,
547 1136 690 1222 ὁρῶντες
721 1136 766 1212 ὡς
797 1134 1013 1219 ἀστάθμητόν
1039 1133 1111 1199 ἐστι

57 1251 227 1326 εοπρῖιγμα
256 1241 390 1327 εὐτυχία
417 1240 472 1307 καὶ
499 1243 740 1328 ἀγχίστροφον,
770 1239 825 1308 καὶ
848 1239 964 1308 οὐδενὶ
987 1237 1112 1329 ῥηίδιον

93 1349 199 1412 εἰπεῖν
236 1344 316 1413 οὐδὲ
347 1359 414 1413 των
445 1349 534 1413 πάνυ
567 1351 738 1434 μακαρίων
769 1346 865 1434 μέχρι
895 1349 987 1424 τίνος
1018 1347 1111 1436 αὐτῷ

58 1452 254 1538 2παρέσται
282 1456 416 1539 χρόνου.
452 1453 547 1538 ἠξίου
569 1449 600 1518 τ’
627 1455 749 1531 αὐτοὺς
771 1465 922 1537 σκοπεῖν,
947 1455 1023 1520 ὅσαι
1047 1451 1160 1538 μδνυῖῖ

94 1562 159 1644 ἤδη
182 1564 295 1638 πόλεις
317 1560 354 1626 ἐκ
377 1561 531 1636 δουλείας
548 1559 730 1643 μετέβαλον
748 1561 795 1637 είς
813 1559 1011 1645 ἐλευθερίαν
1029 1561 1111 1646 βάρ-

94 1671 196 1754 βαροί
216 1692 250 1734 τε
274 1666 329 1733 καὶ
348 1664 549 1751 Ἑλληνίδες,
573 1667 649 1732 ὅσαι
673 1664 703 1731 δ’
727 1668 773 1743 είς
792 1666 949 1731 δουλείαν
967 1663 1000 1743 έξ
1019 1665 1112 1732 ἐλευ-

59 1798 85 1840 15
95 1778 225 1859 θερίας·
257 1775 417 1858 εύηθειάν
444 1797 479 1838 τε
506 1773 633 1856 πολλὴν
662 1771 773 1837 αὐτῶν
794 1773 1052 1856 κατεγίνωσκεν,
1081 1775 1114 1838 εί

94 1890 153 1964 τῆς
183 1881 376 1966 ἐλευθερίας
407 1891 477 1956 τοῖς
505 1879 608 1958 ἀξίοις
635 1890 703 1944 τῶν
730 1879 951 1963 θεραπόντων
978 1881 1112 1963 μεταδι-

96 1988 222 2069 δόντες,
240 1996 297 2070 τῖγς
311 1989 476 2063 πολιτείας
491 1992 676 2070 φθονοῦσι·
700 1983 924 2069 συνεβούλευέ
936 1983 966 2048 τ’
984 1986 1113 2070 αὐτοῖς,

95 2095 126 2158 εί
146 2089 208 2178 μέν
230 2095 400 2179 πονηροὺς
422 2095 609 2176 νομίζουσι,
637 2092 682 2176 μη
705 2103 813 2157 ποιεῖν
837 2090 1052 2177 ἐλευθέρους,
1082 2094 1115 2158 εί

59 2196 132 2267 3δδ
160 2201 338 2286 χρηστούς,
366 2200 410 2284 μὴ
434 2208 593 2285 περιορᾶν
617 2200 716 2275 ὄντας
739 2198 946 2284 ἀλλοτρίους·
984 2200 1115 2265 ἀτοπόν

59 2332 86 2371 ιο
95 2331 129 2373 τε
157 2318 291 2394 πρᾶγμα
318 2317 427 2373 ποιεῖν
456 2305 577 2382 αὐτοὺς
600 2308 664 2390 έφη
687 2304 743 2370 καὶ
765 2302 893 2389 ἀμαθές
915 2305 1018 2370 ἀπασι
1039 2316 1113 2384 τοῖς

96 2413 203 2493 ξένοις
229 2414 464 2501 ἐπιτρέποντας
490 2422 548 2497 τῆς
574 2415 701 2490 πόλεως
723 2411 870 2497 μετέχειν
892 2409 1014 2496 καὶμὴ
1039 2412 1113 2477 δια-

95 2523 273 2605 κρίνοντας
300 2521 411 2585 αὐτῶν
438 2522 496 2598 τάς
523 2520 623 2604 τύχας
648 2514 726 2604 μηδ’
752 2523 787 2583 εί
804 2541 894 2595 τινες
916 2518 953 2584 ἐκ
976 2519 1115 2585 δούλων

95 2624 251 2710 ἐγένοντο
275 2625 449 2713 ἐλεύθεροι
471 2631 845 2711 πολυπραγμονοῦντας,
867 2628 946 2703 τοὺς
965 2623 1002 2691 δέ
1020 2627 1114 2713 παρά

96 2735 192 2817 σφίσι
230 2734 490 2809 δεδουλευκότας
527 2731 683 2810 ἀναξίους
713 2733 869 2816 ἡγεῖσθαι
900 2733 1023 2816 ταύτης
1053 2743 1114 2816 τῆς

60 2869 88 2911 25
96 2839 240 2925 χάριτος·
274 2840 437 2924 φρονήσει
459 2861 494 2902 τε
518 2836 690 2924 διαφέρειν
713 2837 887 2924 οἰομένους
909 2850 977 2904 τῶν
1000 2839 1114 2904 ἀλλων

97 2943 177 3012 οὐδέ
204 2947 245 3010 τά
272 2945 309 3011 έν
336 2943 415 3010 ποσὶ
437 2943 493 3010 καὶ
516 2948 692 3011 κοινότατα
715 2946 798 3030 δρᾶν
822 2948 983 3031 ἔφασκεν,
1011 2943 1113 3010 δκαὶ

95 3065 165 3131 τοῖς
193 3053 415 3138 φαυλοτάτοις
438 3046 525 3118 εἶναι
546 3053 712 3138 πρόδηλα,
741 3052 792 3117 ὅτι
814 3064 884 3130 τοῖς
907 3049 968 3137 μέν
992 3053 1114 3119 δεσπό-

168 3181 201 3230 10
221 3173 400 3300 ούδενῼΒ
440 3172 550 3229 ούδέΑ
612 3174 685 3228 ῖο”
666 3191 755 3229 απασι
773 3171 825 3246 μὲν
843 3173 947 3228 Reiske
1009 3180 1042 3229 21
1063 3173 1115 3228 καὶ

96 3249 294 3336 διακρίνοντας
372 3245 422 3300 καλ
440 3245 522 3317 μὴδ.
541 3245 564 3298 Β
643 3251 678 3300 23
696 3247 762 3309 τοὺς
779 3243 853 3300 &Io
891 3243 922 3300 δέ
943 3245 997 3298 del
1016 3244 1114 3299 Kiess·

95 3319 158 3390 h'ng
217 3325 251 3373 24
269 3317 415 3388 ἡγεῖσθαι]
434 3313 649 3388 ἡγουμένουςο
668 3315 772 3370 Reiske
831 3322 866 3372 27
884 3313 1114 3386 τυφλοτάτοιςο.

93 3389 239 3460 Kiessling
256 3387 299 3443 Pr.
318 3388 383 3443 Bas
402 3407 428 3459 p.
444 3394 477 3444 13

101 3706 201 3748 A
