2414 3840
487 171 648 224 -ς-
1013 168 1077 234 271

65 334 152 400 πάνυ
179 335 451 416 κατηγωνίσαντο
481 330 653 416 δυνάμεις,
681 330 787 408 οὕτως
816 331 898 396 ὥστε
921 327 1005 415 μηδὲ
1027 352 1079 395 πι-

65 443 164 517 στοὺς
187 433 273 504 εἶναι
296 449 365 516 τοῖς
388 443 524 514 πολλοῖς
546 439 624 513 τοὺς
646 434 720 522 περὶ
741 436 852 502 αὐτῶν
870 439 999 520 λόγους.
1036 436 1079 502 ἐῶ

63 543 178 613 τᾶλλα·
216 541 288 610 ἀλλ’
314 544 409 628 ὑμεῖς
438 541 533 608 αὐτοὶ
562 546 688 620 πόσους
714 544 955 628 κατωρθώκατε
983 543 1079 609 πολί-

64 677 147 739 μους
176 648 244 737 μετ’
267 650 441 726 ἐλάττονος
468 648 489 733 ἢ
514 649 593 733 ὅσης
615 659 680 714 νῦν
703 653 790 733 ἔχετε
815 651 988 735 δυνάμεως
1011 655 1079 736 μεί-

65 764 156 839 ζοσιν
184 758 205 842 ἣ
228 757 403 833 τοσαύταις
425 765 650 841 παρασκευαῖς
672 759 840 840 πολεμίων
865 757 1105 842 ἀντιταχθένσ

64 889 129 945 τες;
165 861 262 949 φέρε,
295 863 378 927 άλλδι
405 871 475 937 τοῖς
502 858 564 945 μὲν
590 863 704 937 άλλοις
731 861 874 948 φοβεροὶ
902 866 1079 930 διατελεῖτε

64 974 157 1048 ὄντες
180 966 229 1037 ὧν
247 969 410 1054 ἐκρατεῖτε
429 970 621 1052 μαχόμενοι,
644 971 803 1045 Λατίνοις
818 964 849 1034 δ’
870 971 935 1055 άρα
949 971 1080 1048 τούτοις

63 1077 117 1144 καὶ
145 1087 215 1154 τοῖς
241 1075 425 1159 συμμάχοις
447 1073 557 1139 αὐτῶν
582 1075 809 1152 Οὐολούσκοις
832 1077 1079 1162 εὐκαταφρόνη-

63 1207 130 1268 τοι,
161 1184 217 1248 διὰ
240 1183 277 1247 τὸ
301 1183 345 1267 μη
368 1184 574 1266 πειραθῆναί
593 1202 672 1247 ποτε
696 1181 818 1259 αὐτοὺς
839 1191 897 1266 τῆς
919 1182 1080 1268 ὑμετέρας

64 1292 184 1376 μάχης;
208 1287 291 1354 ἀλλὰ
314 1287 433 1364 πάντες
458 1293 537 1371 ίστε,
562 1287 613 1352 ὅτι
631 1284 722 1353 ταῦτ’
745 1289 915 1376 ἀμφότερα
934 1290 974 1354 τδι
993 1291 1078 1373 ἔθνη
1093 1312 1119 1352 ιο

62 1401 201 1472 πολλαῖς
238 1394 358 1460 ἐνίκων
395 1395 514 1479 μάχαις
545 1394 581 1460 οί
610 1394 747 1480 πατέρες
778 1395 881 1481 ἡμῶν.
932 1391 982 1482 ἆρ’
1015 1392 1114 1466 οὖνὸ

64 1506 167 1586 λόγον
200 1504 266 1587 ἔχει
297 1503 338 1565 τδι
370 1497 431 1585 μὲν
463 1510 531 1565 τῶν
560 1500 797 1587 κρατηθέντων
825 1501 998 1587 πράγματα
1026 1500 1079 1568 ἐπὶ

63 1619 134 1686 ταῖς
162 1609 331 1684 τοιαύταις
353 1617 543 1692 συμφοραῖς
565 1611 736 1693 κρείττονα
760 1602 861 1689 εἶναι,
889 1608 929 1671 τά
953 1604 990 1672 δὲ
1013 1618 1079 1672 τῶν

64 1716 312 1801 κεκρατηκότων
330 1709 384 1778 ἐπὶ
402 1724 474 1790 ταῖς
491 1714 703 1796 τηλικαύταις
721 1713 915 1798 εὐπραγίαις
928 1715 1078 1798 χείρονα;

63 1820 119 1887 καὶ
146 1823 196 1899 τίς
224 1820 265 1886 άν
292 1829 391 1886 τοῦτο
418 1822 535 1904 φήσειε
563 1829 647 1885 νοῦν
675 1822 775 1903 ἔχων,
808 1819 1018 1904 θαυμάσαιμι
1045 1818 1075 1884 δ’
1094 1840 1132 1908 ιι

10 1930 123 2013 οοοάν,
152 1935 186 1994 εί
203 1951 253 2004 τις
275 1927 371 2011 ὑμῶν
392 1928 430 1992 τὸ
453 1923 515 2011 μὲν
537 1937 605 1991 τῶν
627 1929 796 2011 πολεμίων
820 1932 964 2010 πλῆθος,
993 1925 1030 1991 ἐν
1053 1917 1079 2014 ᾧ

65 2037 173 2120 βραχὺ
195 2035 233 2099 τὸ
256 2036 414 2117 γενναῖόν
438 2033 540 2116 ἐστιν,
563 2034 716 2120 ὀρρωδεῖ,
740 2042 799 2116 τῆς
823 2031 853 2098 δ’
876 2035 999 2109 οίκείας
1022 2034 1080 2097 δυ-

64 2141 193 2226 νάμεως
226 2141 313 2206 οὕτω
343 2145 467 2222 πολλῆς
493 2137 549 2205 καὶ
577 2139 706 2223 ἀγαθῆς
735 2140 837 2224 ούσης
865 2149 1079 2223 καταφρονεῖ,

64 2243 104 2331 ἧς
135 2241 208 2312 ούτ’
239 2246 337 2332 ἀρετῇ
364 2250 523 2333 κρείττων
557 2240 630 2312 οὔτ’
662 2246 795 2335 ἀριθμῷ
828 2249 951 2311 πλείων
979 2261 1081 2329 συνη-

63 2351 170 2438 νέχθη
199 2350 279 2419 ποτε
301 2353 381 2437 ἡμῖν
406 2352 443 2417 ἐν
467 2350 581 2418 οὐδενὶ
604 2363 672 2418 τῶν
694 2355 759 2437 πρὸ
782 2355 905 2419 τούτου
927 2351 1082 2437 πολέμων
1096 2371 1122 2411 το

65 2460 215 2544 δύναμις.

132 2564 242 2629 VIIII.
273 2561 341 2628 Καὶ
368 2565 459 2646 τόδε,
489 2559 514 2628 ὦ
542 2570 689 2649 πολῖται,
717 2574 778 2631 τοῦ
806 2561 880 2650 μήτ’
916 2567 1080 2654 ὀρρωδεῖν

64 2665 138 2756 μήτ’
178 2670 395 2756 ἐκτρέπεσθαι
427 2672 467 2735 τδι
499 2672 593 2735 δεινὰ
625 2670 781 2755 μέγιστον
814 2672 1079 2758 παρακέλευσμα,

64 2779 115 2842 δτι
137 2778 258 2854 πάντες
282 2778 317 2842 oc
336 2776 562 2862 πρωτεύοντες
582 2785 643 2842 τού
662 2778 879 2861 βουλευτικοῦ
899 2780 1079 2865 συνεδρίου

63 2884 232 2970 πάρεισιν,
260 2883 370 2969 ὥσπερ
400 2882 512 2970 ὁρᾶτε,
540 2884 654 2960 κοινὰς
680 2883 761 2968 ὑμῖν
783 2887 1000 2971 ποιησόμενοι
1022 2887 1080 2962 τάς
1095 2904 1122 2945 ει

62 2998 125 3056 τοῦ
147 2988 296 3074 πολέμου
318 2991 429 3074 τύχας,
453 2980 504 3065 οἷς
527 2989 688 3074 ἀφεῖσθαι
712 2995 883 3078 στρατείας
907 2992 925 3057 ὅ
948 3015 983 3058 τε
1005 2995 1079 3078 χρό-

138 3223 153 3271 6
173 3219 324 3274 διατελεῖτε
342 3217 368 3272 A
409 3220 555 3274 διετελεῖτε
575 3218 597 3271 Β
680 3226 712 3273 13
734 3219 882 3283 τοσαύταις
900 3237 923 3274 ο.
943 3217 1076 3274 Gelenius

66 3297 99 3344 19
119 3294 293 3356 κρεῖττον-
308 3293 405 3344 πλεῖον
425 3288 470 3342 Ba
487 3301 490 3349 Ι
508 3287 670 3359 συνηνέχθη
689 3289 770 3343 ΑΒΕ
808 3291 936 3360 συνήχθη
956 3289 981 3341 R
1013 3304 1076 3341 ουν-

63 3357 168 3430 ελέχθη
188 3376 211 3413 ο.
230 3359 373 3429 Kiessling
427 3365 461 3414 25
480 3359 581 3431 δρᾶται
600 3360 674 3414 ΑαΒ
691 3360 694 3432 χ
711 3360 777 3431 ἡμῖν
796 3362 822 3414 Α
848 3363 914 3431 ὑμῖν
933 3359 959 3412 R
975 3361 979 3428 Ι
994 3375 1077 3425 ποιη-

63 3430 192 3502 σόμενοι]
211 3429 392 3501 ὑποισύμενοι
409 3429 513 3485 Reiske
