2414 3840
562 187 722 240 ..ς-

129 350 314 426 διαλύσεως
347 348 625 436 ἐπρεσβεύσαντο,
659 350 734 415 οὐτε
766 351 825 426 τάς
857 348 1020 426 αὐθάδεις
1052 351 1144 435 ὐμῶν

129 455 334 540 ἀποκρίσεις,
364 454 403 534 δς
431 455 632 538 ἐποιήσασθε
656 457 739 541 πρὸς
761 458 839 532 τοὺς
862 453 1048 541 προτέρους
1071 457 1145 542 πρέ-

131 565 238 645 σβεις,
263 563 345 647 πρὸς
369 561 473 646 ὀργὴν
497 560 667 645 ἐδέξαντο,
691 558 763 627 ἀλλ’
784 559 968 645 ὑπέμειναν
991 562 1088 646 ὑμῶν
1109 565 1145 629 τὸ

132 669 278 753 σοβαρὸν
300 677 399 733 τοῦτο
418 665 474 733 καὶ
492 669 707 754 μειρακιῶδες
724 676 783 751 τῆς
801 667 985 744 αὐθαδείας
1006 670 1144 755 [βάρος],

105 775 243 858 ιῶσπερ
263 773 304 838 ἀν
322 774 454 839 παίδων
473 773 633 859 ἀφρόνων
652 772 789 858 χρηστοὶ
804 772 954 858 πατέρες·
977 772 1035 839 καὶ
1048 775 1146 841 πάλιν

133 878 247 965 ἑτέραν
270 882 450 964 πρεσβείαν
472 879 686 945 ἀποστέλλειν
710 878 817 966 ᾤοντο
842 881 914 944 δεῖν
937 877 993 945 καί
1011 890 1081 945 τῶν
1099 881 1145 946 δι-

131 987 236 1050 καίων
260 996 461 1070 μειονεκτεῖν
480 984 535 1052 καὶ
553 987 661 1051 πάντα
680 984 872 1070 ὑπομένειν,
896 981 922 1051 ὦ
940 991 1086 1071 πολῖται,
1108 989 1146 1052 τά
1178 973 1182 982 ’

96 1090 255 1176 4μέτρια.
302 1090 354 1157 ἐπὶ
383 1093 423 1176 δη
447 1094 609 1174 τοσαύτης
631 1094 808 1175 βεβηκότες
830 1093 983 1177 εὐτυχίας
1007 1094 1051 1178 μη
1076 1092 1146 1178 μέλ-

132 1203 204 1264 λετε
227 1197 347 1282 λέγειν,
373 1195 398 1263 ὦ
417 1199 569 1282 δημόται,
593 1199 696 1262 τίνων
713 1200 845 1283 χρήζετε
863 1196 941 1282 μηδ’
964 1198 1147 1284 ἐντρυφᾶτε

98 1328 123 1367 ιο
132 1303 223 1386 ημῖν,
244 1304 508 1386 καταλυσάμενοι
528 1300 565 1367 δὲ
583 1304 644 1386 τὴν
663 1303 780 1368 στάσιν
798 1305 892 1368 άπιτε
910 1307 1086 1389 χαίροντες
1103 1306 1148 1383 είς

132 1407 193 1490 την
212 1406 413 1492 γειναμένην
431 1431 465 1472 τε
485 1405 540 1472 καὶ
557 1409 777 1494 θρεψαμένην
795 1409 881 1493 ὑμᾶς
898 1411 1010 1493 πόλιν,
1034 1402 1056 1496 ᾖ
1074 1435 1146 1495 τρο-

133 1514 211 1598 φεῖά
234 1536 269 1579 τε
291 1512 346 1578 καὶ
369 1514 503 1599 χάριτας
521 1513 563 1578 οὐ
581 1516 724 1600 χρηστάς
743 1514 927 1598 ἀπεδίδοτε,
950 1520 1146 1583 καταλιπόν-

131 1643 184 1696 τες
212 1619 317 1704 αὐτην
344 1622 382 1685 τὸ
409 1629 495 1703 γοῦν
522 1618 576 1704 ἐφ’
599 1620 680 1704 ὑμῖν
708 1615 794 1685 εἶναι
822 1623 947 1706 ἔρημον
969 1619 1026 1686 καὶ
1049 1625 1204 1707 μηλύικοο

133 1729 241 1807 βοτον.
288 1729 320 1792 εί
351 1723 387 1792 δέ
418 1728 580 1811 παρήσετε
608 1727 667 1792 τὸν
694 1728 813 1812 καιρὸν
839 1735 977 1811 τοῦτον,
1009 1728 1147 1807 εὔξεσθε

97 1854 123 1895 15
133 1834 290 1910 πολλάκις
313 1834 433 1918 ὅμοιον
455 1818 566 1916 εὑρεῖν
590 1830 714 1918 ἕτερον.

198 1939 330 2007 LXXII.
361 1937 588 2022 Παυσαμένου
612 1936 650 2003 δὲ
672 1947 733 2003 τοῦ
758 1939 945 2024 Οὐαλερίου
968 1943 1147 2027 παρελθὼν

133 2044 150 2110 ὁ
174 2049 347 2122 Σικίννιος
371 2045 433 2110 οὐκ
455 2044 488 2124 ἐξ
513 2043 587 2122 ἑνὸς
611 2047 675 2129 ἐφη
700 2045 772 2110 δεῖν
794 2047 954 2128 λόγουτὸ
975 2046 1147 2132 συμφέρον

32 2213 34 2217 ,
133 2149 292 2230 ἐξετάζειν
310 2155 388 2228 τοὺς
407 2147 445 2216 εὐ
463 2148 740 2234 βουλευομένους,
751 2146 833 2217 ἀλλ’
849 2152 1078 2217 ὑποτίθεσθαι
1090 2155 1147 2218 τὸν

133 2256 286 2324 ἐναντίον
310 2258 423 2334 αὐτοῖς
446 2260 558 2340 λόγον,
582 2258 691 2334 άλλως
713 2280 748 2322 τε
770 2255 827 2323 καὶ
848 2255 924 2342 περὶ
942 2261 1147 2342 τηλικούτων

97 2385 123 2424 κο
133 2363 334 2447 πραγμάτων
364 2371 583 2438 σκοποῦντας·
623 2361 718 2444 ἠξίου
745 2385 781 2427 τε
807 2361 917 2446 λέγειν
939 2367 1024 2450 πρὸς
1047 2375 1147 2431 ταῦτα

132 2471 211 2545 τούς
233 2467 463 2552 βουλομένους
486 2469 618 2534 ἀπασαν
642 2469 725 2533 αίδῶ
748 2466 804 2534 καὶ
827 2468 1003 2552 εὐλάβειαν
1026 2471 1147 2537 ἀποθε-

133 2572 266 2658 μένους·
307 2574 348 2639 οὐ
377 2575 440 2659 γάρ
471 2572 657 2657 ἐπιτρέπειν
686 2573 727 2638 τά
753 2573 928 2657 πράγματα
956 2579 1077 2660 σφίσιν
1103 2578 1147 2653 είς

27 2766 30 2771 ι
132 2681 190 2756 τάς
208 2681 362 2756 τοιαύτας
381 2680 526 2763 ἀνάγκας
543 2678 869 2764 κατακεκλεισμένοις
884 2675 954 2745 οὐτ’
974 2684 1062 2771 ὄκνῳ
1078 2676 1143 2748 οὐτ’

97 2786 275 2870 2αίσχύνη
295 2791 405 2852 είκειυ.
438 2796 563 2871 σιωπῆς
582 2782 619 2850 δὲ
638 2783 818 2870 γενομένης
838 2787 950 2870 ἐπειδὴ
969 2788 1090 2866 πάντες
1104 2791 1147 2864 είς

96 2911 122 2953 ει
133 2890 297 2972 ἀλλήλους
319 2889 505 2974 ἀπέβλεπον
525 2892 753 2975 ἐπιζητοῦντες
770 2893 829 2958 τὸν
848 2888 931 2978 ὑπὲρ
951 2902 1012 2959 τοῦ
1032 2903 1146 2961 κοινοῦ

206 3089 219 3136 1
239 3082 395 3137 διαλύσεων
410 3099 431 3138 ο.
446 3083 592 3153 Kiessling
646 3089 664 3136 4
684 3085 918 3154 μειρακειῶδεςΒ
935 3087 940 3155 Ι
957 3084 1044 3157 βάρος
1057 3086 1146 3140 Κίεεε-

132 3153 222 3223 lingio
242 3156 356 3209 auctore
376 3154 478 3209 seclusi
549 3149 648 3210 8ἐπεὶ
667 3155 714 3208 Ba
750 3150 797 3210 ἐπὶ
814 3155 891 3210 ABb
951 3161 985 3210 12
1003 3176 1035 3212 τε
1055 3156 1146 3212 om.B

135 3233 167 3279 13
187 3225 218 3279 τὸ
236 3232 306 3295 γοῦν
325 3220 373 3296 ἐφ’
390 3226 456 3296 ύμῖν
476 3223 579 3296 ἔρημον
599 3222 675 3282 εἷναι
695 3224 717 3279 O
736 3242 834 3280 vocem
853 3223 957 3296 ἔρημον
972 3226 1147 3298 transpostfit

134 3296 223 3351 Cobet
242 3296 306 3352 Obs,
325 3314 353 3365 p.
370 3301 420 3351 128
484 3302 516 3351 18
535 3295 775 3369 βουλευσομένους
793 3312 816 3352 ο.
834 3296 982 3368 Kiessling
1037 3305 1071 3355 22
1091 3294 1147 3354 ἐπι-

132 3365 228 3437 τρέπει
247 3366 270 3420 0
290 3383 358 3421 corr.
379 3367 500 3436 Sylburg
573 3375 605 3422 23
627 3365 905 3438 κατακεκλεισμένοις
923 3369 948 3421 Α
985 3373 1147 3426 κατακεκλι-

126 3435 227 3507 μένοις
244 3439 268 3492 Β
