2414 3840
90 139 137 203 ,44
521 144 684 192 ,Δ-

95 304 183 384 παρδι
206 313 273 367 τῶν
288 300 524 386 ’ἐπισταμένων
548 301 698 386 ἀκούειν,
722 302 758 368 ἐκ
780 313 848 368 τῶν
872 303 1113 388 δεσμωτηρίων

95 407 332 492 ἐξεληλυθότες
365 406 484 493 ἀρτίως
516 417 698 495 κακοῦργοι
730 411 860 495 μυρίων
892 407 966 488 ἀξια
996 409 1111 473 διαπε-

93 514 278 601 πραγμένοι
304 515 472 580 θανάτων.
510 517 557 592 είς
586 517 726 593 τούτους
753 514 867 600 μέντοι
890 518 969 592 τοὺς
991 516 1112 580 δυσεκ-

94 623 285 707 καθάρτους
316 625 455 700 σπίλους
487 621 522 687 ἐκ
553 632 611 706 της
642 625 769 700 πόλεως
801 622 1044 706 ἀποβλέποντες
1078 621 1115 686 οί

58 751 72 792 5
93 727 212 793 πολλοὶ
240 728 498 814 δυσχεραίνουσι
525 727 581 794 καὶ
603 727 848 814 προβέβληνται
869 730 907 795 τὸ
931 732 1026 811 ἔθος,
1061 728 1189 805 ὡς699’

95 834 137 899 οὐ
159 833 286 919 πρέπον
308 835 488 921 ἡγεμονικῇ
509 838 604 900 πόλει
622 834 677 900 καὶ
695 836 818 913 παντὸς
836 837 951 922 άρχειν
969 833 1112 921 ἀξιούσῃ

61 927 199 1006 7τόπου
234 942 409 1019 τοιούτους
439 948 612 1008 ποιεῖσθαι
644 945 789 1020 πολίτας.
826 945 895 1027 ἔχοι
929 938 959 1007 δ’
985 943 1028 1006 ἀν
1060 965 1114 1018 τις

94 1049 201 1113 πολλά
232 1046 287 1114 καὶ
320 1049 403 1113 άλλα
436 1049 608 1131 διαβαλεῖν
635 1051 698 1132 ἔθη
725 1053 833 1125 καλῶς
860 1045 921 1132 μὲν
949 1047 1014 1113 ὑπὸ
1040 1058 1113 1113 τῶν

94 1153 242 1240 ἀρχαίων
268 1153 505 1239 ἐπινοηθέντα,
535 1165 643 1232 κακῶς
666 1152 697 1220 δ’
720 1155 785 1220 ὑπὸ
807 1165 876 1220 τῖον
899 1163 964 1220 νῦν
987 1153 1113 1240 ἐπιτρι-

59 1263 228 1343 ιοβόμενα.
271 1260 335 1344 ἐγὼ
366 1258 404 1326 δὲ
432 1263 492 1327 τὸν
520 1263 628 1346 νόμον
655 1270 776 1327 τοῦτον
804 1261 867 1326 ούκ
894 1267 1007 1345 οῖομαι
1037 1261 1114 1326 δεῖν

94 1475 210 1538 κακόν·
247 1472 525 1558 ἐπανορθοῦσθαι
557 1472 670 1558 μέντοι
702 1471 788 1557 φημὶ
815 1475 888 1538 δεῖν
915 1475 955 1538 τά
982 1473 1115 1538 δυνατά

94 1578 150 1644 καὶ
177 1580 221 1664 μὴ
248 1589 409 1665 περιορᾶν
436 1580 550 1663 ὀνείδη
573 1581 699 1664 μεγάλα
721 1578 777 1645 καί
800 1580 928 1666 ῥύπους
951 1580 1115 1645 δυσεκκα-

60 1685 243 1772 8θάρτους
266 1688 313 1765 είς
335 1688 397 1770 την
419 1689 589 1753 πολιτείαν
612 1685 857 1771 εἰσαγομένους.
894 1684 949 1751 καὶ
969 1685 1115 1770 μάλιστα

60 1817 85 1857 15
95 1787 156 1876 μέν
187 1797 266 1872 τοὺς
297 1796 433 1879 τιμητδις
465 1791 636 1878 ἀξιώσαιμ’
668 1792 710 1859 άν
742 1795 864 1858 τούτου
895 1800 956 1857 τοῦ
988 1789 1115 1878 μέρους

94 1911 265 1983 προνοεῖν·
290 1902 322 1965 εί
343 1897 380 1965 δέ
398 1902 443 1984 μη
463 1901 554 1984 <γε>,
577 1902 656 1976 τοὺς
674 1899 832 1977 ὑπάτους·
856 1901 910 1964 δεῖ
924 1900 988 1985 γάρ
1008 1897 1115 1984 ἀρχῆς

94 2025 186 2082 τινος
213 2007 368 2092 μεγάλης·
401 2009 437 2070 οδ
460 2009 539 2082 τοὺς
566 2001 646 2071 καθ’
668 2005 807 2071 ἕκαστον
836 2005 990 2071 ἐνιαυτὸν
1019 2004 1115 2071 ἐλευ-

94 2111 219 2198 θέρους
241 2111 440 2198 γινομένους
463 2111 667 2195 ἐξετάσουσι,
692 2115 781 2190 τίνες
804 2115 898 2190 ὄντες
920 2110 976 2177 καὶ
999 2112 1056 2176 διά
1080 2116 1117 2178 τί

95 2218 150 2286 καὶ
176 2231 246 2299 πῶς
267 2221 568 2307 ἠλευθερώθησαν,
598 2221 707 2305 ὥσπερ
730 2243 768 2303 γε
790 2223 869 2297 τοὺς
891 2230 959 2285 τῶν
983 2219 1114 2286 ίππέων

59 2326 149 2393 εοκαὶ
172 2332 251 2405 τοὺς
272 2339 340 2393 τῶν
358 2332 550 2412 βουλευτῶν
568 2330 664 2412 βιόνς
683 2324 902 2405 ἐξετάζουσιν·
926 2321 1034 2391 ἔπειθ’
1051 2326 1114 2404 οὓς

94 2431 156 2519 μέν
184 2434 226 2500 δν
254 2435 398 2522 εὕρωσιν
421 2434 534 2513 ἀξίους
556 2443 613 2519 τῆς
636 2436 763 2510 πόλεως
785 2435 899 2516 ὄντας,
927 2435 974 2510 είς
997 2435 1172 2517 φυλάςῖοο

93 2541 345 2625 καταγράψουσι
372 2539 427 2606 καὶ
455 2540 569 2625 μένειν
597 2540 782 2625 ἐφήσουσιν
810 2539 847 2605 ἐν
869 2548 909 2624 τῇ
932 2541 1040 2604 πόλει·
1073 2542 1113 2605 τὸ

96 2642 133 2710 δὲ
166 2648 287 2732 μιαρδν
318 2645 375 2712 καὶ
407 2647 600 2732 ἀκάθαρτον
633 2651 743 2731 φῦλον
771 2646 971 2730 ἐκβαλοῦσιν
995 2645 1032 2711 ἐκ
1053 2655 1114 2730 της

95 2755 222 2830 πόλεως
249 2751 409 2839 εύπρεπές
436 2756 543 2836 ὄνομα
564 2760 610 2840 τῷ
634 2753 799 2839 πράγματι
822 2751 985 2835 τιθέντες,
1017 2752 1111 2817 ἀποι-

167 2988 184 3036 4
203 2984 300 3046 πίλους
319 2981 341 3036 Ο
365 2997 435 3036 corr
455 2979 577 3050 Sylburg
601 2983 606 3050 Ι
631 2978 880 3050 δυσεκκαθάρτους
903 2979 957 3034 del
978 2979 1110 3035 Schnelle

93 3072 121 3125 p
142 3049 226 3125 13λέ
227 3073 244 3107 κ
263 3053 316 3108 del.
338 3051 426 3107 Cobet
443 3051 544 3106 Mnem
564 3051 647 3121 IXp.
667 3057 719 3107 322
775 3050 859 3106 οιαὶ
878 3067 931 3106 om
951 3051 974 3104 B
1030 3058 1063 3105 11
1079 3051 1111 3106 τδ

95 3124 192 3180 κοινὸν
210 3124 236 3178 Α
289 3129 321 3178 16
342 3122 369 3178 εί
385 3121 417 3178 δε
437 3122 516 3193 μὴΟ
571 3070 667 3178 εειδδ,
686 3122 831 3191 Kiessling
890 3129 923 3177 18
941 3120 1112 3211 γενομένους

94 3213 117 3250 ο.
136 3194 280 3264 Kiessling
352 3200 384 3248 19
404 3193 496 3264 ὥσπερ
515 3145 671 3249 καέὒοδεῖ
689 3192 791 3263 0bs.p
794 3200 852 3249 81
926 3198 959 3247 21
980 3193 1111 3262 φύλακας

94 3267 117 3321 Β
155 3266 245 3337 φυλὰς
263 3266 289 3319 R
304 3269 308 3336 Ι
324 3265 374 3321 καί
393 3265 520 3336 φράτρας
539 3264 602 3320 add
621 3211 791 3333 Kiesslingp
824 3269 857 3317 22
878 3262 1038 3333 ἀφήσουσιν
1056 3263 1109 3317 ΑΒ

93 3334 249 3479 Κφηφθηηφὲν
267 3337 370 3392 Κιεεε
362 3355 413 3406 mg
485 3343 518 3391 24
537 3335 637 3398 θέντες
654 3336 680 3389 Α
715 3332 884 3398 τιθέντεςΒ
918 3330 1108 3397 ἔπιθέντεςο.
