2414 3840
125 183 191 251 164
551 187 715 236 -Ε-

123 347 185 430 τήν
216 348 315 412 πόλιν
348 345 525 430 ἀφίκοντο,
558 346 751 429 πομπεύσας
780 344 799 411 δ
827 345 967 429 ὕπατος,
1001 346 1048 423 ὡς
1076 357 1147 424 τοῖς

124 457 319 538 βασιλεῦσιν
342 455 422 530 έθος
445 449 498 536 ἦν,
524 453 579 518 ότε
601 453 658 531 τάς
680 455 930 539 τροπαιφόρους
952 453 1089 538 πομπάς
1111 477 1147 520 τε

124 558 181 625 καὶ
207 560 331 635 θυσίας
359 558 556 641 ἐπιτελοῖεν,
583 557 639 624 καί
661 558 702 623 τά
724 563 830 623 σκῦλα
852 569 924 636 τοῖς
945 565 1042 638 θεοῖς
1065 560 1147 626 ἄνα-

124 669 212 749 θείς,
241 665 372 747 ἐκείνην
403 661 464 750 μέν
493 667 554 750 τήν
580 662 708 751 ἡμέραν
737 666 831 751 ἱεράν
858 666 959 751 άνήκε
985 664 1147 744 καὶτοὺς

99 771 409 856 ιέπιφανεστάτους
435 783 503 838 τῶν
531 776 677 838 πολιτῶν
706 769 849 838 ἑστιάσει
873 770 1041 859 [προθεὶς]
1067 773 1147 840 ὑπε-

127 877 254 964 δέχετο·
281 887 320 964 τῇ
338 877 374 943 δ’
398 877 472 962 ἑξής
494 876 600 966 ήμέρμ
624 879 729 962 φαιὰν
751 877 877 964 ἐσθήτα
900 881 1015 963 λαβὼν
1032 877 1092 945 καὶ
1108 882 1149 946 τδ

125 986 279 1071 Βρούτου
294 996 388 1070 σῶμα
402 983 541 1072 προθεὶς
555 984 592 1050 ἐν
602 985 708 1073 άγορᾷ
717 985 966 1071 κεκοσμημένον
975 984 1030 1051 ἐπὶ
1040 998 1148 1074 στρωῑ·

126 1102 210 1179 μνῆς
242 1093 425 1177 ἐκπρεποῦς
457 1092 632 1158 συνεκάλει
663 1092 722 1156 τὸν
755 1093 865 1176 δήμου
893 1094 939 1168 είς
967 1091 1149 1176 ἐκκλησίαν

126 1197 182 1264 καὶ
209 1199 387 1285 προελθὼν
415 1195 469 1262 ἐπὶ
496 1198 533 1262 τὸ
562 1200 651 1282 βῆμα
676 1198 736 1262 τὸν
760 1196 935 1282 ἐπιτάφιον
958 1196 1071 1276 ἔλεξεν
1095 1198 1145 1264 ἐπ’

87 1283 218 1397 ᾗαύτρῖ
245 1307 358 1388 λόγον.
403 1307 435 1370 εί
460 1300 521 1388 μέν
545 1299 608 1370 οὖν
633 1302 816 1390 Οὐαλέριος
838 1314 968 1390 πρῶτος
990 1308 1150 1389 κατεστή-

127 1428 209 1477 σατο
237 1412 297 1476 τὸν
324 1413 430 1495 νόμον
457 1412 555 1476 τόνδε
573 1406 745 1495 Ῥωμαίοις
767 1410 788 1494 ή
811 1414 975 1496 κείμενον
988 1411 1055 1477 ὑπὸ
1079 1423 1150 1478 τῶν

127 1517 293 1602 βασιλέοιν
316 1514 516 1600 παρέλαβεν,
540 1516 601 1582 οὐκ
624 1519 686 1602 ἐγω
709 1518 747 1582 τὸ
767 1514 873 1601 σαφές
890 1519 1009 1583 εἰπεῖν·
1037 1517 1093 1582 ὅτι
1111 1515 1198 1584 δέεεῖ

122 1619 293 1709 Ῥωμαίων
311 1622 402 1689 ἐστὶν
422 1623 560 1709 άρχαῖον
580 1624 701 1709 εὕρεμα
719 1624 757 1688 τὸ
776 1624 866 1710 παρά
883 1625 941 1701 τάς
956 1625 1066 1708 ταφάς
1081 1635 1150 1690 τῶν

128 1729 297 1816 ἐπισήμων
330 1730 464 1817 ἀνδρῶν
481 1729 654 1807 ἐπαίνους
685 1739 743 1814 τῆς
771 1730 888 1816 άρετής
915 1730 1027 1796 αὐτῶν
1057 1730 1151 1815 λέγε-

88 1855 114 1896 1⁵
129 1844 211 1902 σθαι
244 1836 299 1903 καὶ
333 1838 393 1922 οὐχ
421 1835 581 1920 Ἕλληνες
618 1836 699 1902 αὐτὸ
733 1839 976 1921 κατεστήσαντο
1009 1848 1150 1925 πρῶτοι,

128 1945 217 2030 παρά
239 1954 297 2027 τῆς
319 1953 434 2028 κοινῆς
456 1944 603 2030 ἱστορίας
626 1937 703 2008 οἶδα
725 1945 857 2028 μαθών,
880 1944 924 2028 ήν
944 1956 1096 2028 ποιητῶν
1114 1968 1151 2012 τε

131 2052 167 2115 οί
191 2053 406 2116 παλαιότατοι
433 2048 489 2116 καὶ
516 2049 740 2136 συγγραφέων
768 2051 804 2115 οί
824 2052 1021 2135 λογιώτατοι
1042 2073 1152 2138 παρα-

93 2157 325 2222 4δεδώκασιν.
371 2156 502 2240 ἀγῶνας
534 2153 595 2242 μὲν
626 2159 690 2242 γάρ
723 2156 918 2242 ἐπιταφίους
948 2157 1154 2242 τιθεμένους

131 2263 184 2330 ἐπὶ
211 2275 281 2341 τοῖς
309 2261 458 2341 ἐνδόξοις
485 2262 627 2349 ἀνδράσι
652 2264 835 2348 γυμνικούς
856 2285 892 2328 τε
914 2261 969 2328 καὶ
993 2264 1153 2342 ίππικοδς

90 2389 116 2428 20
130 2371 196 2437 ὑπὸ
209 2381 277 2437 τῶν
290 2373 530 2457 προσηκόντων
545 2371 770 2455 ίστορήκασιν,
795 2371 838 2447 ὡς
852 2370 919 2436 ὑπό
932 2363 960 2434 τ’
975 2366 1155 2455 Ἀχιλλέως

130 2475 183 2543 ἐπί
211 2480 395 2567 Πατρόκλῳ
427 2475 483 2544 καί
510 2479 559 2543 ἔτι
586 2479 750 2563 πρότερον
778 2471 838 2562 ὑφ’
864 2471 1070 2563 Ἡρακλέους
1097 2476 1154 2544 ἐπὶ

130 2582 274 2651 Πέλοπι·
312 2583 469 2661 ἐπαίνους
497 2580 535 2648 δὲ
564 2582 766 2668 λεγομένους
793 2578 844 2648 ἐπ’
867 2582 981 2659 αὐτοῖς
1004 2583 1045 2648 οὐ
1069 2585 1154 2669 γρά-

131 2706 256 2774 φονσιν
285 2690 346 2769 ἔξω
370 2700 436 2755 τῶν
456 2686 619 2774 Ἀθήνησι
641 2691 913 2778 τραγῳδοποιῶν,
937 2693 973 2754 οἳ
991 2691 1152 2756 κολακεί-

132 2819 226 2873 οντες
257 2798 319 2881 τήν
352 2799 450 2862 πόλιν
483 2794 536 2862 ἐπὶ
568 2807 638 2874 τοῖς
669 2797 739 2862 ὑπὸΥ
761 2795 896 2881 Θησέως
923 2795 1154 2881 θαπτομένοις

91 2919 118 2960 2⁵
131 2899 186 2968 καί
212 2897 304 2968 τοῦτ’
332 2901 531 2987 ἐμύθευσαν.
578 2900 640 2981 ὀψὲ
663 2903 727 2989 γάρ
750 2924 830 2968 ποτε
850 2897 1024 2986 Ἀθηναῖοι
1046 2920 1154 2990 προσ·

132 3008 256 3076 έθεσαν
279 3011 338 3075 τὸν
361 3009 537 3094 ἐπιτάφιον
560 3011 699 3075 ἔπαινον
721 3017 769 3097 τῷ
790 3012 893 3097 νόμω,
917 3003 976 3074 είτ’
994 3009 1058 3075 άπὸ
1083 3022 1198 3077 τῶυὸει

133 3110 183 3179 ἐπ’
206 3112 397 3203 Ἀρτεμισίω
425 3113 480 3180 καί
507 3114 583 3203 περὶ
612 3121 789 3202 Σαλαμῖνα
816 3113 871 3181 καὶ
900 3114 937 3182 ἐν
965 3119 1156 3197 Πλαταιαῖς

204 3315 221 3363 2
240 3306 323 3363 ὁπότε
343 3272 367 3363 c,¹
386 3306 475 3362 Cobet
489 3307 554 3363 Obs.
569 3327 596 3377 p.
612 3313 644 3363 98
691 3316 708 3363 4
728 3307 807 3379 ἱεράν
821 3304 913 3375 ήκεΑ
964 3315 980 3364 ό
999 3306 1155 3372 simo..

133 3379 179 3433 Βο
215 3376 350 3434 είστίασιν
368 3377 415 3433 Bb
438 3384 443 3450 1
467 3378 588 3450 προθείς
607 3378 629 3434 0
649 3379 703 3436 del.
724 3379 855 3435 Schnelle
873 3379 971 3435 Exere.
992 3378 1055 3434 crit.
1075 3399 1104 3451 p.
1120 3389 1156 3438 19

171 3456 203 3505 15
222 3459 333 3521 πρῶτον
353 3451 375 3506 O
395 3468 464 3506 corr.
483 3449 587 3506 Reiske

72 3544 157 3622 'Q
