2414 3840
519 165 682 213 -Δ-
1069 162 1110 226 17

93 353 163 395 κων
198 325 423 412 δυναμένους,
456 323 645 406 ἀναγκάσας
677 319 715 387 δὲ
746 323 784 387 τὸ
817 326 978 407 Σαβίνων
1010 326 1111 402 ἔθνος

93 436 289 520 ὑποχείριον
312 432 394 516 ὑμῖν
417 428 587 515 γενέσθαι,
610 431 690 514 μετὰ
707 434 842 495 πολλῶν
861 431 991 495 ἅπαντα
1008 439 1111 496 ταῦτα

92 540 150 607 καί
175 540 328 626 μεγάλων
349 538 519 604 κινδύνων
537 537 832 622 κατεργασάμενος.
869 537 950 602 ὅσον
968 533 1030 621 μὲν
1049 532 1147 609 οὖνὸ

94 649 198 724 αὐτὸς
224 649 278 730 ἔζη
302 646 443 731 χρόνον,
467 642 582 732 ἐκείνω
605 652 773 729 προσῆκεν
796 642 880 728 ὑμᾶς
904 642 1004 728 <τδις>
1026 640 1110 729 ὑπὲρ

92 767 164 820 τῶν
186 753 386 838 εὐεργεσιῶν
403 751 537 836 χάριτας
556 747 691 832 είδέναι,
715 749 828 834 ἐπειδὴ
848 747 885 815 δὲ
903 752 1138 834 τετελεύτηκεν

91 863 155 926 τὸν
180 862 261 943 ’βίον
289 867 358 934 τοῖς
385 857 537 940 ἐγγόνοις
559 855 664 921 αύτοῶ
687 857 744 933 τδις
767 856 907 940 άμοιβδις
930 857 1110 941 ἀποτίνειν,

93 965 152 1034 καὶ
172 967 217 1050 μὴ
238 964 516 1050 συγκατορύττειν
536 961 607 1048 ἅμα
620 975 690 1040 τοῖς
704 964 834 1048 σώμασι
847 974 914 1028 τῶν
928 963 1110 1049 εὐεργετῶν

93 1073 151 1139 καὶ
175 1073 238 1156 την
260 1074 393 1155 μνήμην
416 1081 483 1136 τῶν
508 1072 624 1155 ἔργων.
662 1068 777 1148 δόξατε
797 1064 859 1135 οὖν
877 1079 974 1155 κοινῇ
991 1071 1111 1147 πάντες

93 1181 270 1265 ἐπίτροποι
301 1181 560 1262 καταλελεῖφθαι
590 1187 658 1242 τῶν
685 1178 829 1242 παιδίων
855 1174 911 1241 καὶ
938 1181 1111 1262 βεβαιοῦτε

93 1286 213 1362 αὐτοῖς
235 1285 279 1368 ἣν
302 1284 320 1350 δ
344 1284 476 1360 πάππος
498 1282 671 1349 κατέλιπεν
694 1283 809 1370 άρχήν.
846 1281 947 1350 οὐδὲν
971 1286 1034 1370 γὰρ
1057 1307 1110 1351 το·
1127 1309 1152 1346 ιο

95 1401 224 1458 σοῦτον
242 1390 468 1456 ἀπολαύσειαν
486 1388 572 1473 <άν>
596 1388 707 1473 ἕκτης
725 1390 804 1474 ἐμῆς
823 1389 897 1468 ἑνὸς
915 1393 1013 1469 ὄντος
1030 1413 1111 1477 προ·
1197 1412 1201 1420 ·

96 1501 245 1581 στασίας,
269 1498 352 1562 ὅσον
375 1496 490 1581 ἕκτης
513 1505 627 1580 κοινῆς
650 1496 806 1563 ἁπάντων
829 1498 923 1583 ὑμῶν
942 1502 1110 1583 βοηθείας.

97 1613 203 1670 ταῦτα
230 1599 263 1669 δ’
285 1605 390 1669 εἰπεῖν
419 1604 627 1688 ἠνάγκασμαι
655 1603 916 1689 συνισταμένους
942 1607 1035 1683 τινὰς
1058 1603 1146 1672 ἐπ’4

98 1711 222 1788 αὐτούς
244 1711 447 1794 αἰσθόμενος
469 1706 525 1774 καὶ
547 1710 608 1792 τὴν
632 1708 736 1794 ἀρχὴν
760 1707 884 1795 ἑτέροις
900 1712 1111 1795 παραδοῦναι

97 1815 335 1901 βουλομένους.
373 1814 453 1894 ἀξιῶ
474 1811 507 1879 δ’
529 1814 624 1901 ὑμᾶς,
647 1817 768 1901 ἄνδρες
782 1810 946 1900 Ῥωμαῖοι,
970 1814 1025 1882 καί
1043 1828 1111 1884 τῶν
1126 1839 1151 1877 15

42 1923 192 2009 σσσέμῶν
220 1920 450 2008 μεμνημένους
478 1922 634 2005 άγάνων,
665 1922 724 2000 οὓς
745 1918 830 2009 ὑπὲρ
853 1931 911 2006 τῆς
933 1925 1111 2010 ἡγεμονίας

93 2029 325 2115 ἠγωνισάμην,
345 2029 422 2095 ούτε
435 2040 564 2114 μικρῶν
578 2030 685 2095 ὅντων
699 2025 769 2094 οὔτ’
787 2030 921 2114 ὀλίγων,
937 2031 996 2109 οὓς
1010 2030 1110 2099 οὐδὲν

95 2136 219 2221 δέομαι
235 2137 318 2222 πρὸς
336 2136 465 2212 είδύτας
483 2135 569 2219 ὑμᾶς
582 2132 702 2220 λέγειν,
720 2137 778 2214 τὰς
793 2135 867 2202 ἀντὶ
880 2139 1010 2204 τούτων
1023 2139 1111 2222 ὀφει-

96 2241 242 2327 λομένας
264 2239 338 2326 ἐμοί
360 2242 495 2328 χάριτας
513 2252 584 2319 τοῖς
601 2243 747 2320 παιδίοις
765 2242 952 2308 ἀποδοῦναι
970 2244 1110 2321 τούτοις.

97 2349 140 2415 οὐ
163 2350 228 2435 γὰρ
253 2349 343 2413 ίδίαυ
366 2347 471 2434 ἀρχὴν
494 2346 623 2436 ἐμαυτῷ
642 2352 974 2434 κατασκευαζόμενος,
997 2344 1037 2432 ἧς
1055 2350 1112 2416 οὐ·
1125 2373 1152 2410 ιο

97 2456 196 2533 δενὸς
223 2450 323 2539 ἦττον
351 2453 441 2532 άξιος
468 2449 511 2538 ἦν
535 2454 715 2539 βουληθεὶς
736 2457 929 2541 τυγχάνειν,
960 2456 1043 2522 ἄλλα
1065 2467 1110 2547 τῷ

100 2564 292 2647 Ταρκυνίου
319 2558 409 2644 γένει
437 2563 576 2644 βοηθῶν
604 2562 645 2626 τδι
666 2563 764 2628 κοινδι
785 2564 942 2650 πράττειν
964 2565 1111 2652 προῄρη-

98 2693 166 2753 μαι.
200 2665 309 2751 ίκέτης
328 2665 360 2732 δ’
378 2667 472 2752 ὑμῶν
492 2669 626 2752 γίνομαι
640 2669 684 2764 μη
698 2670 777 2746 τοὺς
792 2668 963 2755 ὀρφανούς
978 2672 1147 2756 ἔγκατα-’5

170 2885 188 2932 4
205 2876 256 2940 τὰς
278 2874 349 2947 ὑπὲρ
372 2875 462 2930 Cobet
480 2875 545 2932 Obs.
564 2895 591 2946 p.
612 2885 645 2933 76
736 2884 752 2932 5
771 2878 821 2942 τὰς
839 2879 954 2950 χάριτας
973 2900 996 2937 ο.
1015 2882 1112 2937 Kiess-

96 2948 159 3017 ling
237 2948 545 3018 ἵσυγκατορύττεινΒ
624 2949 847 3020 κατορύττεινΒ
924 2955 1111 3009 9παίδωνΒ

97 3020 221 3074 παιδίων
236 3018 262 3070 R
276 3022 281 3087 1
298 3020 476 3091 βεβαιοῦντες
490 3018 512 3072 Ο
528 3019 677 3088 praeterB
721 3026 754 3076 10
768 3021 821 3091 γὰρ
836 3020 872 3077 διν
887 3040 909 3077 ο.
919 3023 1032 3093 Reiske,
1046 3027 1112 3094 post

98 3090 292 3145 ἀπολαύσειαν
315 3105 368 3158 ego
391 3087 427 3144 διν
451 3088 549 3143 addidi
623 3098 655 3145 12
674 3089 741 3147 ὅσον
760 3125 792 3132 -
813 3095 950 3165 βοηθείας
967 3113 1020 3152 om.
1040 3095 1063 3149 B
1081 3095 1112 3148 in

97 3231 156 3284 mg.
176 3214 237 3268 ead.
253 3228 328 3266 man.
347 3233 380 3283 γρ
399 3213 447 3267 καὶ
466 3215 518 3286 βοη
576 3219 609 3267 16
630 3213 678 3278 ούς
710 3216 746 3279 ὡς
764 3233 786 3272 ο,
807 3217 931 3272 Sintenis
949 3220 1009 3275 Em.
1029 3218 1110 3270 Dion.

97 3285 125 3339 11
146 3290 178 3339 12
259 3289 294 3338 20
313 3283 428 3347 ούδενδς
445 3277 481 3353 ἦν
500 3283 651 3358 βουληθεὶς
672 3308 755 3354 ηττου
774 3287 852 3354 άξιος
869 3287 892 3341 Β
971 3295 1005 3344 23
1023 3285 1110 3355 *μήτε

99 3354 123 3410 O
157 3354 264 3410 correxi
287 3353 355 3424 μήτε
378 3351 425 3425 ἐμὲ
450 3356 513 3410 add.
532 3355 637 3410 Reiske
674 3357 744 3428 μηδὲ
762 3360 827 3422 τούς
845 3359 988 3428 ὀρφανούς
1006 3374 1029 3410 ο,
1050 3354 1111 3408 Sin-

99 3425 174 3479 tenis
193 3425 254 3482 Em.
273 3424 355 3479 Dion.
373 3425 399 3478 II
419 3432 452 3480 14
468 3431 472 3497 Ι
489 3423 685 3496 ἐγκαταλιπεῖν
703 3429 725 3482 Β
762 3434 926 3484 καταλιπεῖν
945 3430 969 3482 R

154 3524 253 3565 Βιοατε.
267 3524 333 3564 Hm.
345 3525 376 3565 11.
397 3536 435 3566 τω.
449 3527 549 3568 mour,
937 3523 958 3573 ‘2
