2414 3840
511 168 675 219 -Δ-
1039 163 1103 230 135

81 332 165 417 ἡμῖν
184 332 372 418 κεκύρωται
394 331 477 397 κατὰ
499 329 536 394 τὸ
560 326 654 410 δέον,
678 327 840 393 ἀκούσατε
863 326 920 393 καί
941 328 982 393 τδι
1004 329 1103 394 λοιπὰ

82 439 147 505 ὅσα
174 438 431 523 βεβουλεύμεθα
459 432 535 522 περὶ
556 443 615 519 τῆς
636 436 812 512 πολιτείας.
857 434 937 519 ἡμῖν
961 436 1139 500 σκοπου-4

84 543 213 628 μένοις,
239 545 291 622 τίς
319 542 404 630 ἀρχὴ
432 544 605 626 γενήσεται
627 551 695 607 τῶν
716 551 843 608 κοινῶν
865 543 980 628 κυρία,
1009 544 1102 624 βασι-

85 653 179 718 λείαν
208 647 271 736 μὲν
300 648 412 717 ούκέτι
438 651 711 733 καταστήσασθαι
738 649 844 732 δοκεῖ,
876 649 1039 734 ἄρχοντας
1066 642 1103 713 δέ

85 759 149 824 δύο
179 755 262 823 καθ’
293 756 434 822 ἕκαστον
465 755 621 822 ἐνιαυτὸν
653 755 891 820 ἀποδεικνύναι
922 756 1127 839 βασιλικῆνὸ

86 863 222 944 ἕξοντας
250 862 421 946 ἐξουσίαν,
450 861 509 940 οὓς
536 860 578 928 ἀν
600 861 695 947 ὑμεῖς
717 861 754 928 ἐν
777 861 1001 948 ἀρχαιρεσίαις
1023 861 1103 927 ἀπο-

88 969 215 1054 δείξητε
246 978 363 1054 ψῆφον
395 967 608 1056 ἐπιφέροντες
634 970 717 1034 κατὰ
744 971 878 1052 λόχους
918 974 948 1033 εί
976 970 1016 1051 δῆ
1048 966 1103 1033 καὶ

88 1087 188 1143 ταῦτα
217 1074 436 1162 βουλομένοις
458 1073 549 1142 ἐστίν
572 1076 669 1161 ὑμῖν,
697 1074 926 1158 ἐπιψηφίσατε.
970 1070 1104 1159 Ἐπῆνει

90 1182 143 1249 καλ
167 1184 295 1267 ταύτην
317 1183 380 1266 τῆν
401 1182 538 1268 γνώμην
561 1182 579 1248 ὁ
604 1184 722 1267 δῆμος,
749 1180 806 1247 καὶ
828 1190 941 1267 ψῆφος
964 1180 1103 1265 οὐδεμία

92 1289 218 1374 ἐγένετο
237 1289 380 1357 ἐναντία.
412 1291 493 1375 μετδι
510 1297 609 1355 τοῦτο
628 1290 807 1376 παρελθὼν
826 1289 844 1355 ὁ
860 1293 1008 1375 Βροῦτος
1023 1268 1143 1383 ἀπο-ᾗ,

59 1397 240 1463 ῶοδείκνυσι
267 1394 486 1481 μεσοβασιλέα
513 1396 573 1461 τὸν
596 1394 877 1480 ἐπιμελησόμενον
899 1406 967 1460 τῶν
991 1395 1103 1481 ἀρχαι-

94 1515 209 1589 ρεσιῶν
235 1503 318 1568 κατὰ
344 1505 423 1580 τοὺς
447 1504 608 1588 πατρίους
629 1504 754 1586 νόμους
776 1504 928 1587 Σπόριον
951 1505 1104 1588 Λουκρή-

94 1631 174 1675 τιον·
197 1608 351 1686 κάκείνος
365 1588 534 1685 ἀπολύσας
546 1609 608 1692 τῆν
622 1607 799 1692 ἐκκλησίαν
814 1606 985 1674 ἐκέλευσεν
999 1609 1101 1674 ἀπαν-

94 1739 144 1796 τας
172 1717 270 1800 ῆκειν
301 1718 349 1792 είς
379 1715 417 1779 τὸ
449 1716 581 1797 πεδιόν,
620 1717 706 1780 ἔνθα
737 1715 885 1797 σύνηθες
916 1713 1028 1790 αύτοίς
1061 1710 1103 1798 ῆν

94 1824 360 1912 ἀρχαιρεσιάζειν,
383 1825 519 1907 ἔχοντας
536 1823 576 1886 τδι
595 1821 680 1886 όπλα
699 1820 736 1887 ἐν
754 1823 853 1906 τάχει.
890 1819 1103 1906 ἀφικομένων
1118 1839 1143 1880 15

94 1927 120 1995 δ’
136 1931 249 1996 αὐτῶν
269 1931 395 2016 ἀνδρας
413 1930 553 2016 αι’ρείται
573 1930 635 1995 δύο
654 1931 734 2006 τοὺς
750 1927 936 2015 πράξοντας
954 1929 1016 1995 ὅσα
1034 1939 1104 2007 τοῖς

92 2041 282 2120 βασιλεῦσιν
310 2034 401 2120 ἐξῆν,
430 2039 581 2122 Βροῦτόν
608 2058 643 2100 τε
670 2033 725 2101 καὶ
747 2039 969 2102 Κολλατῖνον·
1005 2034 1102 2103 καὶὸ

92 2144 193 2229 δῆμος
210 2144 415 2229 καλούμενος
433 2144 516 2210 κατδι
534 2144 654 2227 λόχους
672 2140 859 2228 ἐπεκύρωσε
876 2153 947 2220 τοῖς
961 2142 1103 2226 ἀνδράσι

91 2251 148 2334 τῆν
172 2249 288 2336 ἀρχῆν.
322 2247 440 2316 καὶτὰ
462 2246 524 2334 μὲν
546 2250 629 2315 κατδι
650 2251 749 2314 πόλιν
772 2248 808 2315 ἐν
832 2258 876 2337 τῶ
899 2252 974 2314 τότε
992 2252 1102 2338 χρόνῳ

91 2356 280 2442 πραχθέντα
302 2354 426 2422 τοιαῦτ’
448 2351 500 2439 ῆν.
1116 2376 1142 2415 εο

152 2463 313 2529 LXXXV.
344 2465 507 2540 Βασιλεὺς
529 2460 567 2527 δέ
594 2463 779 2548 Ταρκύνιος
801 2463 847 2540 ὡς
868 2463 991 2546 ῆκουσε
1014 2465 1103 2548 παρὰ

91 2580 153 2637 τῶν
181 2569 247 2634 ἀπὸ
273 2577 331 2653 τῆς
352 2571 479 2646 πόλεως
504 2566 669 2653 ἀγγέλων,
698 2561 749 2647 οἷς
771 2566 937 2653 ἐξεγένετο
960 2571 1103 2656 πρώτοις

90 2675 166 2763 πρὶν
189 2675 211 2760 ῆ
235 2681 432 2759 κλεισθῆναι
453 2676 511 2752 τδις
532 2676 641 2752 πύλας
664 2677 855 2762 διαδρᾶναι,
880 2686 1021 2744 τοσοῦτο
1045 2684 1103 2764 μό-

90 2807 149 2850 νον
173 2783 466 2866 ἀπαγγελλόντων,
490 2782 542 2847 ὅτι
563 2781 690 2867 κατέχει
712 2784 773 2867 τῆν
796 2783 973 2868 ἐκκλησίαν
995 2790 1103 2872 Βροῦ-

91 2913 142 2968 τος
171 2891 380 2974 δημαγωγῶν
406 2886 461 2954 καὶ
483 2891 562 2965 τοὺς
584 2892 719 2966 πολίτας
744 2888 797 2955 ἐπὶ
819 2892 881 2974 τῆν
904 2890 1101 2979 ἐλευθερίαν
1116 2910 1150 2951 25-

91 3001 304 3083 παρακαλῶν,
335 2993 450 3061 οὐδενὶ
472 3006 539 3061 τῶν
563 2996 673 3062 ἀλλων
697 2996 827 3083 φροίσας
849 2997 1001 3082 ῆπείγετο
1024 3004 1103 3078 τοὺς

36 3098 184 3182 ΒεῙυίοδς
219 3103 396 3184 ἀναλαβὼν
425 3100 480 3167 καὶ
507 3113 575 3167 τῶν
602 3101 742 3190 ἑταίρων
769 3108 848 3182 τοὺς
873 3107 1101 3189 πιστοτάτους,

158 3303 176 3350 4
195 3291 290 3351 ἐδόκει
308 3313 331 3351 ο.
351 3293 440 3349 Cobet
458 3295 524 3349 Obs,
543 3314 569 3364 p.
586 3303 618 3350 92
692 3302 708 3351 8
727 3297 793 3366 ύμῖν
813 3291 888 3352 ἐστιν
907 3297 930 3351 Ο
948 3297 1061 3363 praeter
1078 3293 1102 3344 B

94 3371 123 3420 12
141 3366 286 3438 Σκόιριον
305 3366 328 3419 Β
393 3371 425 3421 13
445 3367 579 3429 διαλύσας
598 3367 670 3421 Smit
689 3366 755 3422 obs.
774 3386 801 3436 p.
819 3374 851 3422 12
908 3373 940 3419 19
959 3362 1032 3416 κατὰ
1050 3360 1101 3427 τῆν

93 3436 169 3495 πόλιν
188 3456 211 3493 c.
230 3438 388 3494 Ambrosch
460 3444 494 3492 20
513 3439 648 3494 *τοιαῦτα
667 3439 689 3493 Ο
768 3444 802 3491 26
822 3431 982 3508 έτ<αι>ρων
1001 3431 1023 3482 Β
