2414 3840
137 189 179 253 τε
563 192 726 243 -Δ-

135 349 197 438 μὲν
225 349 289 419 οὖν
318 355 339 437 ἥ
362 377 396 419 τε
419 353 608 437 βουλητὸν
631 351 807 438 αἱρεθέντα
830 349 887 418 ὑπ’
910 352 1021 418 αὐτῶν
1045 353 1199 419 §donans

135 477 229 544 μασε,
252 458 309 526 καὶ
331 460 349 526 ὁ
375 462 479 545 δῆμος
501 459 686 544 ἐπεψήφισε
708 459 764 526 καὶ
786 462 827 525 τά
849 460 1060 544 μαντεύματα
1080 459 1156 526 ἐπε-

135 568 281 654 κύρωσε,
304 567 558 653 παρελάμβανεν
582 563 680 644 οὗτος
701 568 763 651 τὴν
786 566 904 653 άρχηυ·
942 566 1157 644 ἐλλείποντος

136 672 176 739 δέ
200 697 292 751 τινος
313 676 443 740 τούτων
465 673 580 760 ἕτερον
603 673 791 759 ὠνόμαζον,
819 671 875 739 καὶ
896 676 1024 760 τρίτον,
1052 675 1086 738 εί
1107 675 1154 758 μη

107 783 281 866 σσυμβαίη
309 778 394 866 μηδὲ
421 789 466 870 τῷ
495 780 639 869 δευτέρῳ
662 783 702 846 τά
723 803 759 846 τε
781 775 859 867 παρ’
881 780 1073 867 ἀνθρώπων
1095 780 1155 846 καὶ

100 886 176 952 3τά
198 887 288 973 παρά
309 899 378 954 τῶν
400 894 493 953 θεῶν
516 887 729 971 ἀνεπίληπτα.
760 886 778 952 δ
803 883 840 953 δὲ
858 888 999 964 Τύλλιος
1022 886 1155 974 ἐπιτρό-

134 1014 201 1059 που
229 997 406 1077 βασιλικοῦ
434 1003 543 1079 σχῆμα
570 988 641 1059 κατ’
662 994 764 1079 ἀρχὰς
791 995 918 1078 λαβών,
952 994 996 1070 ὡς
1024 998 1159 1079 είρηταί

135 1125 192 1184 μοι
219 1103 384 1186 πρότερον
391 1149 401 1184 ,
430 1103 541 1166 ἔπειτα
569 1103 839 1185 φιλανθρωπίαις
865 1097 933 1165 τισὶ
958 1102 1019 1166 τὸν
1042 1101 1155 1185 δῆμον

136 1207 390 1291 οἰκειωσάμενος
417 1204 473 1272 ὑπ’
496 1207 626 1273 ἐκείνου
649 1209 805 1290 βασιλεὺς
827 1206 1008 1292 ἀπεδείχθη
1032 1209 1154 1291 μόνου.

94 1330 121 1370 1⁰
135 1312 278 1397 ἐπιεικὴς
302 1309 339 1378 δὲ
361 1312 418 1379 καὶ
440 1313 572 1400 μέτριος
595 1314 679 1401 ἀνὴρ
702 1316 882 1398 γενόμενος
905 1316 1002 1380 ἔλυσε
1020 1315 1079 1391 τάς
1098 1313 1155 1380 ἐπὶ

134 1427 179 1507 τῷ
204 1420 248 1503 μη
272 1419 379 1485 πάντα
403 1419 485 1504 <τδι>
507 1421 589 1485 κατά
611 1422 690 1497 τοὺς
708 1423 834 1505 νόμους
852 1418 973 1506 πρᾶξαι
992 1421 1155 1503 διαβολὰς

135 1536 205 1603 τοῖς
232 1528 313 1611 μετά
335 1522 426 1591 ταῦτ’
454 1528 575 1611 ἔργοις,
598 1525 798 1611 παρέσχετε
821 1531 958 1604 πολλοῖς
981 1526 1155 1610 ὑπόληψιν

135 1633 190 1717 ὡς,
215 1634 247 1698 εί
267 1633 311 1717 μη
335 1640 462 1698 θάττον
485 1631 645 1719 ἀνῃρέθη,
669 1636 883 1717 μεταστήσων
906 1635 943 1699 τὸ
967 1642 1076 1717 σχῆμα
1094 1642 1157 1719 τῆς

98 1741 302 1817 4πολιτείας
325 1741 372 1816 είς
396 1740 631 1825 δημοκρατίαν.
671 1738 727 1804 καὶ
750 1737 803 1806 ἐπὶ
820 1739 923 1824 ταύτῃ
947 1739 1090 1822 μάλιστα
1112 1748 1154 1826 τῇ

96 1863 122 1904 1⁶
136 1849 226 1935 αἰτία
258 1845 389 1930 λέγεται
414 1857 482 1911 τῶν
509 1850 689 1932 πατρικίων
716 1846 806 1934 αὐτῷ
834 1869 928 1923 τινας
950 1850 1155 1930 συνεπιβου-

135 1956 264 2018 λεῦσαι·
306 1952 493 2030 ἀδυνάτους
524 1947 557 2018 δ’
586 1955 684 2030 ὄντας
714 1947 758 2018 δι’
786 1950 901 2040 ἑτέρου
932 1955 1059 2039 τρόπου
1089 1955 1155 2038 τὴν

135 2059 292 2138 ἐξουσίαν
314 2058 419 2124 αὐτοῦ
437 2064 619 2125 καταλῦσαι
636 2057 692 2124 καὶ
710 2060 899 2143 Ταρκύνιον
918 2057 970 2125 ἐπὶ
988 2060 1029 2124 τά
1046 2061 1154 2145 πράγ-

137 2189 223 2250 ματα
236 2166 441 2250 παραλαβεῖν
455 2162 510 2230 καὶ
522 2166 827 2249 συγκατασκευάσαι
835 2166 898 2249 τὴν
907 2164 1012 2251 ἀρχὴν
1022 2165 1153 2255 ἐκείυφ,

134 2275 285 2339 κακῶσαί
307 2293 343 2336 τε
370 2268 598 2356 βουλομένους
624 2271 662 2336 τὸ
691 2272 872 2355 δημοτικὸν
896 2272 1011 2355 ἰσχύος
1033 2273 1076 2338 ού
1099 2290 1199 2357 μι-ιεῖ

94 2399 120 2440 ιο
134 2388 215 2466 κρῖις
238 2377 479 2464 ἐπειλημμένον
501 2377 538 2443 ἐκ
559 2387 617 2462 τῆς
644 2381 789 2444 Τυλλίου
811 2381 987 2462 πολιτείας,
1011 2376 1067 2444 καί
1089 2381 1153 2464 τὴν

100 2487 228 2552 ὃίδίαυ
247 2485 394 2569 ἀξίωσιν,
414 2486 457 2569 ἣν
474 2488 638 2572 πρότερον
657 2479 758 2570 εἶχον,
778 2484 967 2569 ἀναλαβεῖν.
994 2487 1153 2571 θορύβου

135 2588 173 2657 δὲ
200 2590 386 2676 γευομένου
407 2596 535 2657 πολλοῦ
557 2593 638 2657 κατά
660 2592 722 2676 τὴν
743 2594 843 2657 πόλιν
866 2591 949 2674 ὅλην
972 2589 1027 2656 καὶ
1051 2593 1152 2676 οίμω-

133 2707 195 2783 γῆς
227 2696 281 2764 ἐπὶ
302 2705 348 2786 τῷ
376 2700 521 2763 Τυλλίου
535 2699 685 2786 ,θανάτῳ
709 2700 822 2774 δείσας
845 2696 864 2763 ὁ
891 2699 1093 2783 Ταρκύνιος,
1122 2701 1154 2764 εί

135 2807 191 2870 διά
217 2813 276 2889 τῆς
306 2804 429 2890 ἀγοράς
457 2804 616 2891 δυεκρὸς
639 2803 791 2890 φέροιτο,
822 2805 867 2882 ὡς
890 2807 960 2870 ἔστι
978 2800 1153 2889 Ῥωμαίοις

94 2930 120 2972 25
135 2914 230 2995 ἔθος,
261 2913 320 2976 τόν
350 2934 385 2976 τε
415 2914 586 2995 βασίλειον
613 2913 740 2995 κόσμου
767 2913 853 2996 ἔχων
880 2909 936 2976 καὶ
957 2904 1063 2995 τᾶλλ’,
1088 2913 1152 2978 ὅσα

134 3021 238 3103 νόμος
260 3018 313 3084 ἐπὶ
336 3029 457 3103 ταφαῖς
480 3018 709 3102 <βασιλικαῖς>
728 3020 773 3102 μή
790 3041 841 3095 τις
859 3020 906 3095 είς
925 3016 1045 3084 ἑαυτὸν
1063 3019 1151 3105 δρμη

134 3126 269 3212 γίνηται
295 3135 356 3192 τοῦ
382 3127 578 3211 δημοτικοῦ,
606 3122 687 3210 πρὶν
709 3123 729 3208 ἢ
753 3127 895 3208 βεβαίως
917 3125 1154 3211 κρατύνασθαι

206 3255 222 3304 ὅ
240 3248 319 3319 παρὰ
332 3257 388 3303 τῶν
402 3247 564 3317 ἀνθρώπων
578 3247 681 3302 Reiske
732 3252 764 3300 11
779 3245 873 3302 πάντα
887 3246 923 3300 τὰ
936 3245 1009 3301 κατὰ
1023 3264 1046 3302 ο.
1057 3246 1153 3302 Kiess-

133 3320 195 3390 ling
216 3397 230 3412 v
251 3327 282 3374 17
302 3317 361 3410 noel⁸
370 3321 435 3373 ante
453 3318 612 3387 Ταρκύνιον
620 3317 687 3410 vdel.
699 3316 862 3400 Κίοεεῌυςι
901 3324 935 3373 26
954 3324 1060 3387 ταφαῖς
1074 3317 1111 3407 μη
1126 3319 1153 3371 Α

129 3390 310 3530 ἓφφμὲἳξῃέαὶ
329 3389 408 3460 μηΒ
443 3410 466 3446 τ.
487 3392 643 3462 βασιλικαις
661 3388 698 3459 μὴ
718 3405 740 3443 ο.
760 3389 904 3458 Klosshng
920 3390 925 3460 Ι
942 3386 1022 3452 είςΟ
1060 3384 1097 3459 ἒφ
1127 3407 1143 3444 ο
