2414 3840
533 170 697 218 ..Ε-

105 330 262 412 ράξαντες
295 329 455 414 ἐμάχοντο
488 338 598 394 πᾶσαν
631 329 810 412 εὐτολμίαν
837 328 894 394 καὶ
926 335 1122 416 προθυμίαν

104 438 391 522 ἀποδεικνύμενοι.
630 518 633 523 0

170 544 371 609 XXXVIIII.
406 540 549 626 Ἀγῶνος
586 541 623 607 δὲ
654 552 818 628 καρτεροῦ
849 543 1039 629 γενομένου
1069 543 1123 611 καὶ

104 660 163 716 τοῦ
188 648 299 728 δεξιοῦ
323 660 390 715 τῶν
409 646 578 734 Ῥωμαίων
600 649 748 735 κέρατος,
771 653 858 716 ἔνθα
880 647 924 734 ἦν
949 651 1122 736 δύπατος,

76 757 336 840 εέπιβαίνοντος
357 767 427 832 τοῖς
446 755 609 833 ἐναντίοις
626 753 682 821 καὶ
700 754 899 841 προσωτέρω
918 767 1136 843 χωροῦντος,9

102 873 163 929 τοῦ
192 859 223 928 δ’
246 864 423 947 εὐωνύμου
451 862 636 947 κάμνοντος
660 864 725 946 ἤδη
749 861 805 927 καὶ
827 864 910 949 πρὸς
933 874 1003 928 τῶν
1027 870 1123 931 πολε·

103 977 189 1056 μίων
213 970 267 1037 ε’πὶ
289 972 349 1035 τὸν
371 970 521 1054 ποταμὸν
545 967 796 1054 ἐξωθουμένου,
824 971 945 1054 μαθὼν
967 971 1007 1035 τὸ
1032 974 1124 1055 γινό-

102 1103 206 1164 μενον
225 1078 243 1143 ὁ
263 1079 324 1162 τὴν
344 1075 459 1162 ἑτέραν
477 1086 545 1141 τῶν
554 1072 725 1162 Ῥωμαίων
742 1077 959 1163 παρεμβολὴν
972 1077 1123 1164 κατέχων

67 1186 227 1261 ἳύπατος
255 1183 349 1267 ἐξῆγε
375 1184 438 1266 την
465 1182 633 1268 στρατιάν.
679 1183 778 1260 αὐτὸς
800 1181 862 1269 μέν
886 1179 949 1250 οὖν
971 1186 1036 1268 την
1059 1188 1124 1270 φά-

62 1313 88 1352 10
102 1296 209 1374 λαγγα
236 1300 303 1355 τῶν
331 1293 437 1367 πεζῶν
460 1288 663 1374 ἐπαγόμενος
686 1290 794 1373 βάδην
817 1291 1017 1374 ἠκολούθει·
1053 1305 1124 1360 τῶν

102 1380 145 1462 δέ
171 1395 406 1482 πρεσβυτέρων
434 1399 586 1480 Σπόριον
613 1397 763 1480 Λάρκιον
780 1398 855 1469 ,τὸν
887 1398 1124 1465 ὑπατεύσαντα

100 1513 146 1592 τῷ
180 1505 385 1587 παρελθόντι
417 1502 559 1590 ἐνιαυτῷ
591 1505 670 1580 τοὺς
703 1504 812 1579 ἱππεῖς
843 1505 969 1586 ἀγοντα
1000 1506 1123 1591 πέμπει

100 1611 183 1676 κατδι
207 1611 373 1694 σπουδήν·
410 1609 447 1686 ὃς
470 1609 533 1674 ἀπὸ
557 1608 701 1694 ῥυτῆρος
721 1613 800 1687 τοὺς
823 1610 945 1688 ἵππους
968 1611 1123 1681 ἐλαύνων

99 1719 159 1782 τόν
183 1741 218 1782 τε
240 1716 390 1800 ποταμὸν
415 1718 666 1800 διαπεραιοῦται
688 1718 878 1794 κωλύοντος
902 1719 1046 1796 οὐδενὸς
1069 1720 1124 1786 εύ-

61 1844 87 1884 15
101 1837 206 1902 πετῶς
229 1823 284 1890 καὶ
307 1825 390 1890 κατὰ
412 1825 450 1890 τὸ
475 1823 585 1901 δεξιὸν
606 1834 674 1888 τῶν
694 1828 862 1909 πολεμίων
880 1825 980 1911 κέρας
999 1849 1124 1912 παριπ-

100 1934 239 2015 πεύσας,
269 1931 388 1997 ἐνσείει
415 1933 569 2014 πλαγίοις
596 1942 667 2008 τοῖς
695 1931 829 1998 ἱππεῦσι
851 1943 920 1997 τῶν
943 1937 1123 2017 Σαβίνων·

99 2037 154 2105 καὶ
191 2042 318 2122 γίνεται
356 2035 457 2122 μέγας
494 2037 615 2102 αὐτόθι
651 2048 719 2103 τῶν
756 2037 883 2103 ἱππέων
918 2039 1123 2125 ἀμφοτέρων

65 2146 271 2229 3συστάδην
297 2143 495 2228 μαχομένων
518 2142 571 2208 ἐπὶ
593 2146 718 2229 χρόνον
740 2148 849 2210 πολύν
873 2145 972 2229 ἀγών.
1022 2146 1060 2211 ἐν
1086 2144 1123 2213 δὲ

99 2254 206 2340 τούτῳ
239 2250 296 2317 καὶ
328 2251 346 2316 δ
375 2254 566 2336 Ποστόμιος
596 2253 675 2328 τοὺς
706 2254 824 2330 πεζοὺς
854 2254 946 2336 ἀγων
973 2258 1123 2337 πλησίον

59 2380 85 2422 20
99 2360 211 2424 αὐτῶν
239 2359 381 2443 ἐγίνετο·
417 2357 473 2422 καὶ
503 2357 670 2443 συρράξας
697 2369 767 2434 τοῖς
794 2362 902 2437 πεζοῖς
930 2359 1122 2427 ἀποκτείνει

98 2491 133 2532 τε
160 2469 306 2544 πολλοὺς
333 2464 543 2552 μαχομένους
569 2462 624 2529 καὶ
652 2466 732 2541 τοὺς
755 2467 894 2542 λοιποὺς
916 2465 1040 2545 ἐξωθεῖ
1061 2479 1122 2553 τῆς

97 2573 227 2653 τάξεως.
264 2575 296 2638 εἰ
313 2570 349 2638 δὲ
369 2574 413 2656 μὴ
431 2571 493 2651 νὺξ
512 2569 681 2655 ἐπέλαβεν,
705 2572 847 2649 ἅπαντες
865 2571 908 2637 ἀν
925 2574 961 2638 οί
972 2578 1136 2658 Σαβῖνοιε

97 2680 327 2757 κυκλωθέντες
353 2680 419 2745 ὑπὸ
447 2690 515 2743 τῶν
533 2675 704 2762 Ῥωμαίων
733 2679 1031 2764 ἱπποκρατούντων
1053 2683 1120 2766 ἥδη

98 2785 246 2851 πανσυδὶ
277 2786 520 2870 διεφθάρησαν.
567 2793 631 2850 νῦν
663 2781 701 2850 δὲ
727 2786 764 2850 τὸ
794 2787 910 2862 σκότος
937 2788 1020 2863 τοὺς
1048 2789 1121 2854 δια-

58 2912 84 2953 25
99 2895 269 2978 φυγόντας
297 2891 333 2957 ἐκ
360 2900 418 2975 τῆς
445 2893 549 2976 μάχης
578 2893 677 2968 όντας
704 2892 871 2970 ἀνόπλους
893 2890 949 2957 καὶ
972 2893 1016 2958 οὐ
1039 2900 1120 2960 πολ-

169 3094 186 3140 4
204 3088 270 3156 post
288 3085 395 3149 ύπατος
412 3085 532 3154 praebet
546 3085 720 3155 Ποστούμιος
734 3083 819 3152 ABb,
840 3101 893 3141 om.
908 3085 955 3139 Βα
1012 3092 1046 3142 10
1065 3088 1115 3143 τόν

96 3157 327 3231 πρεσβύτερονΟ
369 3156 542 3229 πρεσβευτὴν
565 3157 666 3211 Portus
706 3165 816 3212 τῶν-
834 3174 905 3226 πρεο
924 3154 1032 3226 ντέρων
1054 3158 1116 3213 sin-

96 3230 171 3285 tenis
190 3230 250 3285 Em.
265 3229 346 3285 Dion.
361 3228 400 3282 ΠΙ
415 3234 447 3282 21
510 3234 542 3282 11
561 3227 725 3283 ΛεύκιονΟ
762 3226 888 3298 Λάρκιον
935 3228 1027 3283 udson
1081 3235 1112 3285 21

96 3300 273 3372 μαχομένους
291 3301 314 3354 Β
351 3296 508 3370 μαχόμενος
526 3299 551 3352 R
612 3306 646 3354 25
664 3307 714 3368 τῆς
732 3298 822 3369 μάλης
840 3300 874 3354 ού
893 3301 1014 3381 πολλοὺς
1033 3299 1116 3364 ὄντας

97 3370 216 3443 ἐρύσατο
235 3372 284 3428 καὶ
303 3370 435 3427 διέσωσεν
455 3369 594 3435 ἀνόπλους
613 3369 696 3434 όντας
715 3365 762 3424 ἐπὶ
776 3370 810 3425 τὰ
825 3368 986 3440 οίκείαΒει,
1006 3389 1037 3425 1n
1045 3389 1114 3453 'mge

95 3444 143 3499 Bb
174 3443 326 3514 adscripsit
345 3460 417 3512 quae
435 3445 530 3497 textus
548 3442 667 3512 praebet
685 3443 771 3510 atque
790 3441 891 3496 eadem
910 3444 1025 3497 exstant
1042 3460 1072 3496 m
1089 3443 1113 3496 A
