2414 3840
524 160 685 210 -A-
1069 160 1110 224 97

96 322 198 398 ζῶντα
215 319 433 405 παραδοῦναι
451 318 511 382 τὸν
529 318 606 383 υίὸν
625 319 715 407 αὐτῷ
736 317 804 401 [καὶ
821 321 1016 403 κομίζεσθαι
1034 324 1112 399 τοὺς

96 423 414 510 διωμολογημένους
436 425 610 509 μισθούς],
639 424 698 490 ἐὰν
722 421 754 489 δ’
781 425 946 503 ἀδύνατος
968 417 989 511 ᾖ
1013 436 1111 492 τοῦτο

95 531 156 614 τὴν
179 532 331 615 κεφαλὴν
354 530 561 614 ἀποτεμόντα
582 528 717 615 πέμψαι.
753 541 856 596 ταῦτα
880 528 917 597 δὲ
935 535 1111 617 ποιήσαντι

95 636 186 724 αὐτῷ
208 659 245 701 τε
267 633 324 701 καὶ
346 645 417 712 τοῖς
439 633 700 720 συλλαβομένοις
723 646 783 702 τοῦ
806 640 906 724 ἔργον
924 637 1026 723 χωρὶς
1043 650 1110 704 τῶν

96 744 209 808 ἄλλων
232 749 383 827 μισθῶν,
408 741 468 819 οὓς
490 745 653 828 πρότερον
675 742 856 828 ὑπέσχητο,
883 749 1052 810 πολιτείαν
1075 767 1137 811 τεο

94 851 157 933 τὴν
186 848 224 914 έν
242 845 349 934 Ῥώμη
373 849 495 913 δώσειν
522 850 586 932 ἔφη
610 847 665 914 καὶ
688 850 735 926 είς
757 850 816 914 τὸν
838 861 905 914 τῶν
927 854 1110 935 πατρικίων

95 955 247 1040 ἀριθμὸν
269 955 416 1032 ἅπαντας
439 954 618 1040 ἐγγράψειν
642 957 748 1033 οἰκίας
767 978 802 1021 τε
821 954 876 1020 καὶ
894 958 1038 1041 κλήρους
1055 957 1110 1023 καὶ

49 1060 200 1138 λεοάλλας
222 1061 351 1147 δωρεὰς
372 1061 497 1137 πολλάς
519 1059 693 1145 ἐπιθήσειν
716 1058 771 1126 καὶ
794 1064 945 1146 μεγάλας.
985 1061 1038 1147 ἐφ’
1061 1055 1145 1141 οἶς4

95 1166 332 1252 ἐρεθισθέντες
349 1168 385 1232 οί
395 1169 514 1251 Γάβιοι
532 1169 592 1232 τὸν
611 1164 672 1251 μὲν
687 1164 870 1234 Ἀντίστιον
885 1167 1110 1252 ἐκπεπληγότα

96 1273 149 1340 ἐπὶ
177 1282 216 1359 τῇ
244 1272 420 1360 παραδόξῳ
448 1281 605 1360 συμφορᾷ
632 1271 687 1339 καὶ
713 1272 794 1340 οὐδὲ
816 1277 936 1360 φωνην
960 1276 1026 1341 ὑπὸ
1049 1285 1109 1341 τοῦ
1119 1299 1145 1340 ιο

94 1389 200 1446 κακοῦ
219 1379 314 1466 ῥῆξαι
333 1380 523 1465 δυνάμενον
542 1378 774 1446 ἀποκτείνουσι
793 1382 971 1464 βάλλοντες
984 1386 1109 1460 λίθοις·

94 1488 156 1571 τὴν
181 1483 218 1552 δὲ
241 1488 324 1552 κατά
345 1497 412 1552 τῶν
435 1488 547 1552 ἄλλων
571 1488 704 1570 ζήτησίν
727 1509 761 1553 τε
784 1485 839 1552 καὶ
861 1491 1023 1574 τιμωρίαν
1041 1501 1108 1554 τῶν

94 1593 199 1659 ταύτά
216 1600 262 1680 τῷ
278 1591 431 1678 Πέτρωνι
445 1591 723 1676 βουλευσαμένων
738 1591 920 1677 ἐπέτρεψαν
934 1603 979 1680 τῷ
995 1593 1107 1681 Σέξτῳ

43 1720 45 1735 “
93 1701 312 1783 ποιήσασθαι.
358 1697 376 1763 ὁ
407 1695 444 1763 δὲ
471 1707 541 1775 τοῖς
569 1699 668 1776 ίδίοις
695 1696 837 1782 ἑταίροις
864 1700 926 1782 την
953 1702 1108 1784 φυλακην

95 1803 272 1889 ἐπιτρέψας
299 1814 368 1870 τῶν
396 1808 529 1887 πυλῶν,
558 1803 614 1869 ἵνα
643 1805 688 1889 μὴ
719 1805 918 1889 διαφύγοιεν
945 1805 1048 1870 αὐτὸν
1077 1805 1144 1870 οίιε

95 1911 132 1977 έν
156 1921 230 1988 ταῖς
252 1912 388 1992 αίτίαις,
415 1909 553 1994 πέμπων
581 1908 634 1976 ἐπὶ
656 1910 714 1987 τὰς
737 1912 842 1989 οἰκίας
863 1920 930 1976 τῶν
954 1911 1108 1997 ἐπιφανε-

95 2018 225 2084 στάτων
254 2015 390 2103 ἀνδρῶν
420 2016 587 2083 ἀπέκτεινε
616 2019 761 2093 πολλοὺς
794 2029 861 2082 τῶν
890 2021 1023 2102 Γαβίων
1053 2017 1107 2083 καὶ

95 2123 253 2208 ἀγαθούς.

160 2229 281 2296 LVIII.
316 2226 372 2294 'Ev
399 2220 426 2318 ᾧ
455 2226 492 2295 δέ
514 2226 605 2296 ταῦτ’
633 2228 821 2313 ἐπράττετο,
849 2233 1003 2318 θορύβου
1026 2232 1107 2295 κατὰ

41 2384 44 2417 s
96 2338 155 2420 τὴν
179 2340 281 2402 πόλιν
303 2325 402 2413 όντος
424 2335 469 2413 ὠς
491 2334 544 2401 ἐπὶ
568 2337 716 2424 τοσούτῳ
740 2345 828 2424 κακῶ
853 2337 973 2421 μαθὼν
995 2338 1036 2401 τά
1058 2358 1141 2420 γι-εο

41 2420 43 2445 ¹
97 2446 221 2528 νόμενα
244 2443 300 2507 διδι
323 2444 524 2528 γραμμάτων
548 2442 566 2508 ὁ
593 2443 778 2526 Ταρκύνιος
799 2452 909 2528 παρῆν
932 2444 1024 2527 άγων
1046 2444 1108 2528 τὴν

97 2550 241 2634 δύναμιν
263 2546 320 2613 καὶ
342 2546 417 2632 περὶ
440 2546 543 2633 μέσον
565 2550 686 2626 νυκτὸς
709 2549 813 2634 άγχοῦ
835 2558 893 2634 τῆς
910 2553 1037 2627 πόλεως
1054 2574 1107 2634 γε-

96 2658 236 2741 νόμενος
264 2653 487 2738 ἀνοιχθεισῶν
513 2665 581 2720 τῶν
607 2659 724 2720 πυλῶν
750 2654 815 2721 ὑπὸ
843 2665 910 2720 τῶν
932 2653 985 2720 ἐπὶ
1007 2667 1106 2723 τοῦτο

95 2916 128 2972 οἱ.
146 2845 410 2972 ὃδωέέιέὶεκέέεωεε
427 2917 506 2973 1471
561 2924 577 2971 2
596 2925 678 2973 τοῦτο
696 2924 789 2973 ποιειν
807 2917 858 3007 τὴν
873 2918 1023 2988 Κὶοεελίως,
1042 2918 1105 2975 υίοῦ

94 2987 180 3078 τὴνο.
196 2987 307 3056 Kayser
320 2986 391 3042 Ann
405 2987 475 3057 phil
492 2993 601 3058 18661)
616 2994 651 3042 46
684 2983 857 3043 ἀδύνατον
872 2997 991 3044 ιοῦτοο.
1001 2990 1105 3045 Reiske

95 3057 162 3114 3πέ
163 3070 241 3130 μψαι
261 3059 337 3132 αὐτῷ
356 3057 379 3113 Ο
397 3059 550 3128 praeterB
610 3057 825 3130 ῶυπέσχητοΑ
861 3059 879 3112 b
906 3059 994 3129 ὑπέσχ
996 3080 1041 3116 ετο
1060 3060 1106 3114 Ba

96 3135 127 3185 10
144 3079 195 3187 ἐπὶ
213 3146 270 3185 om.
288 3113 447 3196 ΒΙόιπδΟ
474 3130 529 3185 υπδ
548 3129 651 3185 Βείελιε
725 3137 757 3184 12
776 3129 828 3198 τὴν
847 3127 878 3184 δὲ
897 3130 970 3185 κατὰ
988 3131 1039 3200 τὴν
1058 3131 1106 3183 άλ-

93 3204 141 3270 λην
159 3202 209 3256 Ba
263 3205 298 3254 20
316 3197 452 3270 γινόμενα
466 3200 517 3255 ΑΒ
554 3200 691 3290 γενόμενα
705 3202 731 3255 R
784 3209 817 3254 21
832 3152 1043 3326 ἓγραμζμάτων
1057 3199 1104 3251 Bb

93 3277 124 3326 22
142 3271 211 3342 περὶ
233 3268 320 3341 μέσον
344 3271 484 3334 νυκτδςΟ
520 3272 585 3343 περὶ
603 3271 689 3342 μέσας
711 3272 815 3334 νύκτας
854 3288 923 3325 anau
945 3289 1014 3326 onus
1050 3266 1104 3332 πρὸ

91 3340 174 3413 μέσης
193 3342 297 3405 νυκτὸς
310 3341 414 3397 Reiske
449 3342 515 3413 περὶ
532 3344 715 3414 μεσονύκτιον
730 3341 854 3397 Sintenis
868 3343 928 3397 Em.
945 3340 1024 3395 Dion
1035 3336 1104 3388 1115

89 3414 143 3484 πρὸ
162 3421 259 3485 μεσῶν
276 3420 387 3468 νυκτῶν
405 3411 549 3484 KIesinng

141 3514 247 3554 mom.
260 3512 326 3553 Ηεπ.
339 3512 409 3552 IL:
411 3512 549 3554 1>..JAoonY
930 3502 945 3549 7

336 2847 436 2912 ζεσθαι
452 2847 517 2910 τους
535 2844 793 2918 διωμολογημένους
805 2848 925 2937 μισθους
939 2848 1002 2902 add.
1017 2849 1039 2902 B
1057 2850 1106 2904 sed
