2414 3840
137 165 178 232 76
562 170 726 219 -Δ-

136 328 400 415 ἀναιρουμένους
421 327 476 394 καὶ
500 329 622 413 <τοὺς>
645 327 925 413 ἐξελαυνομένους
948 329 1157 414 ἀφαιρούμε-

136 459 196 513 νος
217 446 288 513 τοῖς
310 433 372 521 μὲν
393 438 591 522 κατηγόροις
613 435 735 521 μικράν
755 459 833 501 τινα
851 447 974 523 μοῖραν
992 433 1156 518 ἀπέθυεν,

101 542 236 619 3αύτδς
264 538 301 607 δὲ
328 544 369 606 τά
395 544 497 607 πλείω
525 552 683 626 κατεῖχεν.
725 544 864 626 ἔμελλον
894 536 924 607 δ’
946 544 1012 625 ἀρα
1034 538 1158 607 πολλοὶ

135 650 203 713 τῶν
227 649 398 731 δυνατῶν,
421 646 502 739 πρὶν
524 647 651 714 ἁλῶναι
672 649 731 724 τὰς
752 642 959 732 ἐπαγομένας
983 650 1080 733 σφίσι
1104 649 1155 712 δί-

110 773 205 837 σκας,
226 741 353 832 εἰδότες
376 750 424 820 ὧν
448 754 561 821 ἕνεκεν
579 755 852 839 ἐπεβουλεύοντο,
875 758 1088 834 καταλείψειν
1107 762 1157 844 τῷ

136 861 290 949 τυράννῳ
317 862 380 945 την
407 865 506 928 πόλιν
535 861 665 938 ἑκόντες
690 859 746 926 καὶ
774 867 886 950 πολλῷ
909 864 1061 938 πλείονες
1084 860 1157 944 ἐγέ-

136 989 237 1034 νοντο
268 978 336 1033 τῶν
364 953 494 1054 ἑτέρον.
530 963 617 1052 ἦσαν
644 966 684 1033 δέ
703 991 806 1052 τινες,
836 971 871 1032 οἳ
890 966 946 1033 καὶ
967 969 1082 1053 κρύφα
1107 968 1157 1032 δι-

138 1074 337 1159 εφθάρησαν
369 1073 425 1140 ὑπ’
453 1075 558 1140 αὐτοῦ
585 1067 656 1138 κατ’
687 1075 794 1151 οἰκίας
820 1097 855 1138 τε
882 1072 938 1139 καὶ
965 1072 1017 1140 ἐπ’
1040 1073 1160 1159 ἀγρῶν

138 1179 418 1265 ἀναρπαζόμενοι,
445 1183 550 1265 λόγου
577 1179 663 1260 ἀξιοι
686 1181 823 1267 ἀνδρες,
851 1175 900 1246 ὧν
924 1177 1004 1246 ούδδ
1027 1181 1067 1245 τδι
1091 1181 1157 1246 σῶ-

98 1268 223 1380 ζξματα
259 1286 376 1371 ἐφάνη.
423 1284 493 1353 ἐπεὶ
530 1283 567 1351 δὲ
604 1285 780 1372 διέφθειρε
815 1287 853 1351 τὸ
885 1286 1065 1371 κράτιστον
1098 1295 1160 1370 τῆς

138 1395 261 1476 βουλῆς
284 1390 384 1479 μέρος
406 1392 567 1469 θανάτοις
588 1415 624 1457 τε
642 1389 697 1458 καὶ
716 1391 915 1476 ἀειφυγίαις,
940 1389 1056 1476 ἑτέραν
1075 1394 1159 1474 βου-

138 1498 202 1581 λὴν
225 1498 326 1577 αὐτὸς
348 1501 569 1583 κατεστήσατο
592 1499 796 1584 παραγαγὼν
821 1495 875 1563 ἐπὶ
897 1498 956 1574 τάς
978 1509 1047 1563 τῶν
1070 1497 1158 1564 ἐκλι-

137 1606 271 1670 πόντων
293 1607 389 1690 τιμάς
411 1607 489 1682 τοὺς
514 1605 621 1680 ίδίους
642 1604 805 1690 ἑταίρους.
841 1601 897 1669 καὶ
920 1600 1001 1668 οὐδὲ
1022 1605 1160 1683 τούτοις

139 1709 252 1795 μέντοι
280 1720 350 1788 τοῖς
378 1709 542 1795 ἀνδράσιν
569 1710 646 1775 ούτε
673 1711 829 1796 πράττειν
845 1708 1028 1793 ἐπέτρεπεν
1053 1709 1159 1777 οὐδὲν

99 1802 216 1916 Ξούτε
244 1815 353 1900 λέγειν
382 1818 400 1883 ὅ
427 1840 459 1881 τι
489 1818 534 1901 μὴ
561 1817 748 1882 κελεύσειεν
772 1815 879 1893 αὐτός.
925 1811 1010 1881 ὥσθ’
1036 1816 1201 1886 δπόσοιτει

138 1925 408 2007 κατελείφθησαν
439 1922 477 1988 ἐν
509 1931 555 2011 τῷ
589 1924 756 2009 συνεδρίῳ
789 1920 970 2006 βουλευταὶ
1000 1935 1068 1989 τῶν
1103 1922 1158 1990 ἐπὶ

142 2031 288 2095 Τυλλίου
310 2027 569 2112 καταλεγέντων,
594 2029 753 2114 διάφοροι
776 2039 847 2106 τοῖς
865 2030 1057 2114 δημοτικοῖς
1073 2029 1159 2109 τέως

139 2137 234 2214 ὄντες
252 2135 308 2202 καὶ
325 2137 387 2220 την
405 2136 592 2221 μεταβολὴν
611 2145 669 2219 τῆς
687 2138 854 2212 πολιτείας
872 2133 925 2201 ἐπὶ
944 2143 988 2224 τῳ
1004 2137 1157 2226 σφετέρῳ

138 2247 328 2326 νομίζοντες
358 2243 476 2330 ἀγαθῷ
506 2245 721 2327 γενησεσθαι·
759 2243 914 2319 τοιαύτας
946 2244 1010 2329 γάρ
1042 2241 1159 2321 αὐτοῖς

97 2372 125 2414 εο
138 2348 311 2415 ὑπέτεινεν
334 2349 353 2414 ὁ
375 2350 561 2433 Ταρκύνιος
577 2347 773 2433 ὑποσχέσεις
791 2348 961 2427 ἐξαπατῶν
978 2347 1035 2414 καὶ
1053 2374 1158 2433 φενα-

137 2457 252 2534 κίζων·
287 2458 361 2520 τότε
394 2458 576 2540 μαθόντες,
609 2456 661 2519 ότι
692 2465 760 2520 τῶν
787 2466 912 2521 κοινῶν
941 2455 1081 2533 οὐδενὸς
1109 2459 1158 2522 ἔτι

138 2571 300 2647 μετεῖχον,
323 2561 407 2627 ἀλλά
429 2560 484 2627 καὶ
508 2559 604 2627 αὐτοὶ
626 2562 688 2645 τὴν
709 2564 900 2648 παρρησίαν
923 2563 991 2647 ἅμα
1007 2575 1080 2640 τοῖς
1099 2564 1158 2648 δη-

139 2676 286 2752 μοτικοῖς
309 2665 544 2753 ἀφῃρέθησαν,
569 2667 741 2754 ὠδύροντο
765 2664 826 2762 μὲν
848 2665 903 2732 καὶ
926 2669 967 2732 τά
990 2667 1156 2753 μέλλοντα

211 2876 417 2934 θάπέθυενΟ
454 2875 636 2947 ἀπένεμενο.
657 2877 779 2946 Sylburg
866 2881 1086 2949 ὁκαταλείφειν
1104 2880 1156 2950 τὴν

139 2947 221 3004 πόλιν
244 2956 282 3023 τῷ
305 2948 434 3022 τυράννῳ
458 2949 505 3003 vel
526 2969 552 3003 κ.
575 2968 598 3003 τ
622 2969 645 3004 τ.
664 2948 716 3018 τὴν
739 2947 822 3003 πόλιν
845 2951 1010 3013 εἴκοντεςο.
1031 2950 1156 3006 Sintenis

139 3021 199 3074 Em
223 3005 304 3076 Dit‘m.
324 3021 351 3075 II
371 3026 405 3075 14
445 3025 483 3092 τῷ
511 3019 641 3093 τυράννῳ
669 3019 821 3074 delendum
843 3019 890 3074 vel
912 3019 1123 3090 χαριζόμενοι
1114 3041 1155 3076 m·

140 3092 290 3147 serendum
312 3108 373 3148 esse
391 3074 500 3182 Kays‘er
517 3090 618 3145 Annal
637 3090 707 3160 phil.
729 3096 843 3160 18661).
863 3096 897 3145 45
923 3095 1019 3146 censet
1093 3092 1156 3148 6οἳ

139 3162 188 3219 καὶ
210 3167 302 3237 πολλῷ
324 3161 371 3218 vel
393 3157 492 3215 κοά
461 3181 538 3217 ουτοι
556 3164 690 3236 πολλῳο.
710 3161 833 3232 Reiske}
851 3157 1066 3235 ἐγ<έ>νοντοΒ
1140 3171 1155 3218 ‘1
1189 3187 1201 3198 ·

140 3219 291 3370 ἕίέἀωνΒ
366 3293 398 3341 10
419 3281 534 3355 ἐπελδη
554 3283 585 3341 δέ
604 3286 630 3338 Α
708 3292 739 3340 12
759 3284 895 3410 παράχεον
914 3286 961 3341 vel
978 3287 1154 3359 προάγωνο.

61 3416 64 3421 ,
138 3359 269 3416 Hertlein
287 3307 534 3412 Her1nesx4=13⁷I
584 3352 735 3412 mma
772 3352 818 3412 ἐπὶ
864 3358 883 3412 b
922 3352 997 3414 ἔχει
1056 3366 1089 3414 18
1110 3359 1156 3414 οι

139 3452 184 3496 τες
202 3429 270 3492 τέως
288 3428 310 3481 Β
383 3436 418 3485 20
436 3428 486 3492 τάς
504 3426 667 3498 ὑποσχέσεις
685 3428 707 3484 Ο
725 3431 807 3498 praet
806 3445 839 3482 er
796 3429 879 3482 B

917 3656 930 3689 Ι
