2414 3840
563 182 773 240 ..ς..’

131 347 224 426 τάξιν
240 347 406 412 ἀποδώσει
422 357 491 424 τοῖς
500 348 781 434 γραφησομένοις·
798 353 925 434 μᾶλλον
936 347 966 413 δ’
985 345 1041 432 ὑφ’
1053 348 1148 433 ὑμῶν

133 453 256 518 ἐνθάδε
274 452 458 539 γραφέσθω
477 455 517 518 τά
536 453 690 538 δόξαντα,
708 453 796 538 καὶὴ
812 455 917 538 βοηλὴ
933 456 1066 532 τούτοις
1080 458 1149 519 πεί-

96 563 118 627 2
133 575 234 625 σεται.
270 568 332 626 τοῦ
351 556 388 625 δέ
406 571 519 645 μενεῖν
535 560 653 644 βέβαια
669 563 709 626 τὰ
723 563 984 648 συγχωρούμενα
998 571 1076 644 νῦν,
1094 559 1205 626 aalma*

133 661 238 750 μηδὲν
257 666 401 751 ὕστερον
424 666 579 732 ἐναντίον
602 668 715 745 αὐτοῖς
736 668 802 734 ὑπὸ
825 676 883 751 τῆς
900 671 1025 752 βουλῆς
1045 667 1150 746 ἐξενε-

106 775 333 857 οχθὴσεσδαι,
351 770 560 859 πρῶτονμὲν
578 774 672 858 ἡμεῖς
690 775 725 839 οί
741 772 894 859 πρέσβεις
912 773 1083 858 ἀνάδοχοι,
1102 776 1151 838 δι-

134 880 248 956 δόντες
270 879 352 963 ὑμῖν
375 880 511 963 σώματα
533 878 589 944 καὶ
612 881 720 964 ψυχάς
737 877 926 963 καλγενεδις
943 881 1002 957 τὰς
1021 880 1150 946 ἑαυτῶν

134 984 286 1072 ἐνέχυρα·
311 987 422 1051 ἔπειτα
441 987 476 1051 οί
492 987 587 1052 άλλοι
603 989 792 1070 βουλευταί,
812 986 886 1052 ὅσοι
899 995 945 1074 τῷ
960 991 1150 1071 ψηφίσματι

134 1095 483 1177 συνεγγραφήσονται·
521 1092 562 1157 οὐ
592 1094 657 1176 γάρ
691 1094 733 1176 δὴ
764 1113 844 1158 ποτε
876 1092 1028 1158 ἀκόντων
1057 1092 1149 1178 ἡμῶν

133 1200 343 1284 γραφήσεταί
362 1221 394 1262 τι
417 1200 499 1263 κατὰ
520 1207 582 1263 τοῦ
601 1200 718 1283 δὴμον.
756 1200 791 1263 οί
806 1200 870 1284 γάρ
888 1198 1073 1283 ἡγούμενοι
1090 1208 1149 1265 τοῦ

75 1324 121 1363 ·1o
135 1304 316 1387 συνεδρίου
345 1301 400 1368 καὶ
427 1314 549 1389 πρῶτοι
581 1307 639 1382 τὰς
666 1306 777 1370 αὐτῶν
804 1305 938 1389 γνώμας
964 1305 1149 1390 άποφαινό

101 1414 232 1495 3μενοι
264 1420 331 1474 τῶν
363 1411 474 1475 άλλωυ
503 1410 596 1495 ἡμεῖς
623 1412 731 1496 έσμεν.
776 1413 947 1476 τελευταία
977 1407 1014 1476 δὲ
1042 1415 1151 1487 πίστις

136 1515 260 1581 ἅπασίν
283 1515 373 1582 ἐστιν
385 1516 590 1602 ’ἀνθρώποις
604 1505 745 1601 Ἕλλησί
764 1540 799 1583 τε
817 1515 872 1582 καὶ
889 1517 1084 1603 βαρβάροις,
1107 1519 1148 1601 ἡν

135 1619 248 1698 οὐδεὶς
266 1622 397 1688 πώποτε
416 1621 590 1707 ἀναιρήσει
603 1625 733 1710 χρόνος,
756 1617 837 1706 ἡδί
855 1623 964 1709 ὅρκων
978 1621 1036 1688 καὶ
1050 1640 1148 1690 σπον-

136 1730 206 1794 δῶν
234 1727 394 1812 ἐγγυητὰς
416 1732 518 1806 θεοὺς
540 1728 724 1814 ποιουμένη
747 1739 814 1794 τῶν
837 1730 1050 1813 συμβάσεων·
1086 1727 1144 1814 ὑφ’

32 1889 38 1897 ,
97 1856 123 1897 15
137 1830 176 1918 ἡς
199 1833 318 1901 πολλαὶ
342 1833 403 1920 μέν
428 1837 570 1901 ἰδιωτῶν
593 1838 712 1922 ἔχθραι
733 1838 863 1922 πικραί,
888 1835 1007 1902 πολλοὶ
1031 1834 1068 1903 δέ
1091 1839 1147 1902 πό-

137 1946 231 2026 λεμοι
253 1945 370 2008 πόλεσι
392 1943 476 2029 πρὸς
493 1945 605 2019 πόλεις
624 1943 803 2019 συστάντες
822 1942 1059 2027 διηλλάγησαν.
1095 1941 1148 2008 καὶ

137 2049 262 2131 ταύτην
285 2054 320 2114 εί
337 2072 413 2114 τινα
432 2049 614 2133 λαμβάνετε
632 2049 694 2132 τὴν
712 2052 835 2133 πίστιν,
860 2047 916 2113 εἴτ’
936 2049 1064 2133 ὀλίγοις
1082 2050 1147 2116 ἑπι-

136 2153 269 2239 τρέπετε
302 2166 372 2231 τοῖς
401 2154 539 2240 ἡγεμόσι
565 2164 625 2220 τοῦ
653 2157 834 2241 συνεδρίου
860 2153 935 2239 περὶ
963 2156 1043 2240 ὅλης
1069 2157 1148 2241 ὑμίν

138 2263 258 2326 δοῦναι
285 2269 343 2345 τῆς
370 2264 493 2346 βουλὴς
520 2262 598 2338 τοὺς
622 2262 755 2345 ὅρκους,
784 2267 849 2326 είτε
871 2262 996 2339 πάντας
1020 2261 1202 2341 άξιοῦτεῑ334

98 2386 125 2428 νο
138 2370 217 2444 τοὺς
236 2366 524 2454 ἐπιγραφομένους
540 2378 618 2445 τοϊς,
625 2369 789 2453 δόγμασιν
803 2367 941 2452 ὀμνύειν
954 2365 1033 2433 καθ’
1052 2370 1149 2454 ίερῶν

101 2470 157 2557 4ἡ
182 2475 248 2558 μὴν
274 2474 391 2558 βέβαια
414 2476 454 2538 τὰ
477 2477 676 2557 συγκείμενα
699 2474 870 2558 φυλάξειν.
908 2476 1017 2554 δεξιάς
1041 2473 1149 2541 δὲκαὶ

138 2581 287 2658 σπονδάς
316 2578 372 2646 καὶ
401 2583 527 2656 πίστεις
558 2578 610 2645 ἐπὶ
642 2583 734 2645 θεῶν
765 2579 964 2665 γιγνομένας
996 2585 1077 2666 μήτε
1109 2584 1148 2646 σὺ
1192 2638 1195 2645 .

138 2687 310 2769 διάβαλλε,
339 2691 482 2768 Βροῦτε,
515 2680 588 2770 μήτ’
615 2686 745 2769 ἀναίρει
772 2688 809 2752 τὸ
837 2688 1015 2752 κάλλιστον
1044 2688 1149 2770 έπιτὴ-

210 2884 225 2932 3
245 2877 339 2948 μένειν
359 2878 381 2933 Ο
401 2895 469 2933 corr.
490 2877 579 2932 Cobet
593 2877 657 2932 Obs.
676 2897 703 2947 p
720 2884 771 2933 130
787 2878 1149 3002 Ινῦνὲυμίνοᾟλοεεβος

139 2956 154 3004 6
174 2947 223 3002 καλ
242 2949 355 3019 σώματα
373 2949 396 3002 Β
412 2951 417 3020 Ι
434 2949 583 3017 αὐτῶνΒλ
601 2944 732 3020 ἐνέχυρα]
752 2947 843 3019 ὅμηρα

139 3021 273 3075 τελείαο.
294 3021 390 3090 Tegge
410 3020 523 3086 Quaest.
544 3020 578 3073 de
598 3037 650 3074 usu
668 3037 764 3089 praep.
784 3038 811 3088 p
825 3026 861 3075 40
934 3027 966 3074 12
986 3022 1150 3092 ἀνθρώποις

139 3087 255 3157 έστλνΒ
331 3098 362 3146 15
382 3112 448 3183 μικρ
449 3091 521 3146 αλΟ
558 3110 625 3162 πικρ
627 3090 658 3145 αλ
676 3090 780 3145 Reiske
848 3097 881 3147 17
901 3091 994 3146 *εἴτε
1013 3093 1150 3183 λαμβάνε-

138 3183 186 3217 ται
213 3163 290 3216 ΑΒει
334 3161 489 3243 λαμβάνετε
515 3162 561 3216 Bb
608 3163 639 3217 εί
660 3181 691 3243 γε
719 3160 875 3234 λαμβάνετε
897 3161 1003 3217 Reiske
1049 3163 1149 3233 ἥδηλ.

138 3233 240 3303 Pflugk
286 3235 326 3288 ίτε
352 3237 375 3290 λ.
402 3232 524 3287 Sintenis
549 3234 607 3287 Em.
632 3232 714 3287 Dion.
733 3233 799 3288 125
845 3235 876 3288 εί
895 3253 960 3288 τινα
986 3237 1008 3288 λ.
1037 3251 1090 3305 ego
1118 3233 1150 3288 cf.

138 3305 284 3358 Meutzner
307 3323 333 3373 p.
354 3311 405 3358 269
497 3310 531 3357 20
555 3299 783 3392 έργραφομένοις
804 3320 826 3358 ο.
852 3303 939 3358 Cobet
956 3304 1074 3375 Oba.p
1077 3311 1151 3363 ,130

138 3373 236 3446 ἡμὴν
254 3375 279 3427 A
318 3372 477 3445 ἡμῐνΒί
476 3381 547 3464 ερῶγ
569 3395 587 3442 η
611 3376 683 3446 μὴν
690 3392 713 3429 ο.
732 3375 835 3430 Reiske
867 3376 986 3449 δμῖνο.
1010 3323 1151 3445 Kiessling

140 3453 173 3500 22
193 3443 360 3515 γιγνομένας
378 3445 401 3498 Β
437 3443 590 3515 γενόμενος
608 3448 633 3500 R

65 3552 155 3622 Q

940 2957 971 3004 11
990 2949 1148 3022 τελευταία]
