2414 3840
131 337 323 421 κρύπτουσα
351 336 416 402 ὑπὸ
439 345 478 422 τῇ
503 343 618 422 στολῇ,
647 337 723 402 οὔτε
745 337 1042 423 προσαγορεύουσα
1064 339 1151 402 κατὰ

131 443 188 519 τάς
216 446 433 528 συναντήσεις
460 442 584 508 οὐδένα
611 454 679 508 τῶν
706 441 941 527 ἀσπαζομένων
969 439 1039 507 οὔτ’
1068 441 1150 508 ἀπο-

132 549 310 634 κρινομένη
325 559 394 627 τοῖς
407 557 530 635 μαθεῖν
545 548 771 635 βουλομένοις,
787 551 851 615 ὅτι
867 547 1048 631 πέπονθεν,
1064 547 1151 614 ἀλλὰ

133 655 278 732 σύννους
295 653 350 720 καὶ
370 659 520 740 κατηφής
541 654 596 720 καὶ
618 658 758 740 μεστοὺς
780 657 902 739 ἔχουσα
918 657 997 732 τοὺς
1015 654 1151 738 ὀφθαλ-

97 747 118 860 25
133 762 216 846 μούς
231 762 393 848 δακρύων.
422 763 467 840 ὡς
482 759 512 826 δ’
527 764 574 839 είς
588 764 648 846 τήν
663 763 772 827 οίκίαν
787 763 923 845 είσήλθε
936 769 997 825 τοῦ
1010 763 1150 847 πατρός·

134 869 251 952 έτνχον
278 864 315 933 δὲ
338 880 511 951 συγγενεῖς
535 871 629 946 ὄντες
650 864 737 945 τινές
760 863 838 952 παρ’
860 867 963 955 αὐτῷ·
999 876 1069 933 τῶν
1092 890 1151 950 γο-

133 972 243 1039 νάτων
262 974 365 1040 αὐτοῦ
380 973 547 1059 λαβομένη
561 972 616 1039 καὶ
630 981 854 1060 περιπεσοῦσα
868 971 948 1049 τέως
962 968 1023 1056 μὲν
1037 975 1151 1038 ἔκλαιε

134 1079 252 1162 φωνήν
280 1078 440 1163 οὐδεμίαν
467 1079 661 1165 προϊεμένη,
694 1073 794 1144 ἔπειτ’
821 1078 1015 1155 ἀνιστάντος
1042 1078 1152 1163 αὐτὴν

132 1193 193 1249 τοῦ
216 1186 339 1269 πατρὸς
361 1183 416 1250 καὶ
438 1188 474 1250 τί
493 1183 663 1251 πέπονθεν
686 1184 858 1263 ἀξιοῦντος
881 1183 1003 1268 λέγειν·
1035 1179 1152 1263 Ἱκέτις

96 1316 121 1356 ιο
134 1293 198 1375 ἔφη
223 1293 360 1376 γίνομαί
380 1308 443 1356 σον
466 1292 567 1378 πάτερ
591 1292 705 1375 δεινήν
729 1289 785 1356 καὶ
808 1291 990 1375 ἀνήκεστον
1012 1289 1153 1375 ὑπομεί

133 1414 220 1462 νασα
243 1398 352 1484 ὕβριν,
376 1400 563 1484 τιμωρῆσαί
579 1421 635 1482 μοι
653 1394 708 1462 καὶ
727 1398 770 1483 μή
789 1399 953 1484 περιιδεῖν
971 1398 1033 1480 τήν
1052 1413 1152 1463 ocav-

99 1511 194 1575 3τοῦ
216 1502 386 1590 θυγατέρα
404 1504 558 1569 θανάτου
576 1507 711 1589 χείρονα
727 1510 916 1569 παθοῦσαν.
950 1504 1199 1587 &amm-801

134 1632 190 1685 τος
214 1607 244 1675 δ’
267 1610 371 1676 αὐτοῦ
393 1608 538 1675 καὶτῶν
561 1612 672 1676 ἀλλων
695 1610 850 1675 ἁπάντων
871 1607 926 1674 καὶ
943 1613 993 1686 τίς
1011 1609 1153 1694 ὕβρικεν

135 1715 239 1800 αὐτήν
266 1715 322 1783 καὶ
348 1718 503 1801 ποδαπὴν
526 1718 627 1804 ὕβριν
649 1717 823 1794 ἀξιοῦντος
845 1715 968 1799 λέγειν·
1007 1713 1152 1803 Ἀκούσῃ

94 1846 120 1886 15
134 1824 192 1900 τάς
215 1823 308 1907 ἐμάς,
337 1827 416 1908 ἔφη,
445 1825 635 1910 συμφοράς,
660 1820 685 1889 ὦ
709 1824 825 1909 πάτερ,
849 1823 912 1888 ούκ
935 1824 982 1900 είς
1004 1824 1152 1907 μακράν·

134 1929 267 2014 χάρισαι
294 1928 334 1996 δέ
359 1955 415 2014 μοι
443 1932 567 2014 ταύτην
595 1940 727 2016 πρῶτον
751 1928 929 2014 αἰτουμένῃ
952 1930 1013 2012 τήν
1036 1930 1153 2015 χάριν·

134 2034 275 2100 κάλεσον
303 2037 403 2113 ὅσους
430 2038 573 2102 δύνασαι
594 2040 769 2114 πλείστους
791 2039 912 2121 φίλους
933 2058 968 2100 τε
990 2032 1047 2099 καὶ
1071 2051 1154 2119 συγ-

135 2153 255 2225 γενείς,
287 2144 344 2208 ἵνα
371 2137 448 2229 παρ’
470 2142 551 2228 ἐμοῦ
578 2151 636 2226 τής
664 2144 704 2208 τά
731 2143 825 2208 δεινδι
853 2141 1028 2222 παθούσης
1051 2139 1154 2206 ἀκού-

136 2266 220 2314 σωσι
247 2247 302 2315 καὶ
329 2250 373 2334 μή
396 2246 473 2336 παρ’
497 2247 626 2336 ἑτέρων.
673 2249 754 2314 ὅταν
778 2245 814 2313 δὲ
839 2249 950 2332 μάθῃς
971 2247 1030 2323 τὰς
1052 2269 1154 2312 κατα-

96 2377 122 2418 εο
136 2356 281 2440 σχούσας
308 2358 444 2443 αίσῃράς
470 2354 526 2421 καὶ
549 2357 662 2433 δεινάς
684 2355 844 2439 ἀνάγκας,
872 2354 1055 2437 βούλευσαι
1078 2347 1151 2437 μετ’

136 2462 261 2546 αὐτῶν,
286 2464 401 2529 ὅντινα
423 2465 619 2548 τιμωρήσεις
641 2461 719 2547 ἐμοί
737 2485 772 2527 τε
795 2458 850 2527 καὶ
874 2466 1000 2546 σεαυτῷ
1024 2461 1154 2543 τρόπον

136 2567 191 2633 καὶ
214 2570 258 2654 μή
282 2573 389 2634 πολὺν
412 2572 500 2634 ποίει
523 2571 647 2655 χρόνον
669 2570 728 2634 τὸν
751 2569 808 2632 διὰ
831 2566 943 2652 μέσου.

204 2674 339 2739 LXVII.
362 2676 483 2759 Ταχείμ
498 2670 603 2738 δὲκαὶ
617 2670 931 2756 κατεσπουδασμένῃ
946 2673 1155 2754 παρακλήσει

137 2791 204 2845 τῶν
230 2779 499 2863 ἐπιφανεστάτων
522 2778 656 2864 ἀνδρῶν
679 2781 726 2856 είς
748 2779 809 2862 τήν
834 2778 943 2841 οίκίαν
966 2780 1154 2843 συνελθόν-

98 2907 123 2948 ει
137 2910 205 2952 των
228 2887 338 2970 ὥσπερ
360 2883 467 2968 ήξίου,
490 2882 578 2968 λέγει
600 2883 828 2968 πρδςαύτοῦς
850 2883 938 2948 ἀπαν
960 2883 998 2946 τὸ
1016 2891 1154 2969 πρᾶγμα

209 3084 225 3132 2
249 3075 451 3147 ἀσπαζομένων
477 3076 500 3129 Β
549 3073 831 3147 προςαγορενομένων
858 3076 884 3128 Α
928 3073 1155 3144 προςαγορενόν-

137 3170 193 3205 των
211 3149 237 3203 R
332 3146 459 3218 9ίκέτης
476 3146 553 3201 ΑΒα
639 3152 672 3200 14
689 3145 821 3214 ποταπήν
844 3162 867 3200 υ.
886 3143 1015 3199 Hertlein
1033 3145 1154 3201 Hermes

137 3221 233 3276 X413
250 3222 254 3289 Ι
271 3220 385 3275 ἀκούσει
403 3219 449 3273 Ba
481 3218 587 3289 ἀκούσῃ
606 3217 683 3271 ABb
740 3223 772 3272 16
792 3216 847 3287 ἔφη
867 3214 1051 3287 συμφοράςΑ
1084 3234 1155 3287 συμ·

138 3291 230 3364 φοράς
249 3288 303 3361 ἔφη
322 3291 369 3344 Bb
408 3288 462 3361 ἔφη
482 3306 535 3344 om.
555 3291 600 3343 Βκ
638 3296 670 3344 17
689 3290 833 3350 πλείστους
851 3288 957 3343 add.B
1033 3294 1065 3343 19
1085 3308 1155 3343 κατ-

138 3363 215 3437 <ασ>
234 3362 358 3425 ούσαςΒ
427 3367 461 3416 20
481 3362 632 3432 βουλενσ..
651 3360 697 3413 Ba
734 3358 868 3432 βουλεύσῃ
888 3357 964 3412 ABb
1002 3358 1155 3430 βούλευσαι

137 3434 282 3502 Kiess'g
