2414 3840
491 168 651 220 ..ς-

70 328 127 404 τάς
150 331 317 412 τιμωρίας,
341 327 380 404 ἃς
402 329 484 393 κατὰ
506 337 574 393 τῶν
597 326 799 392 ἐκλιπόντων
823 327 900 411 <οί>
922 324 1000 412 περὶ
1023 327 1081 391 αὐ-

69 443 136 500 τῶν
163 435 262 518 νόμοι
285 434 486 516 δεδώκασιν,
515 432 798 519 ἀναπράττεσθαι,
827 438 927 497 είκειν
951 429 989 496 δέ
1011 442 1081 509 τοῖς

70 542 261 624 δημοτικοῖς
279 536 384 625 μηδὲν
403 541 421 605 ό
440 562 472 603 τι
490 540 534 624 μὴ
554 541 685 605 δίκαιον
703 537 787 624 μηδὲ
806 538 950 623 δύναμιν
969 537 1081 615 αὐτοῖς

70 647 385 729 συγκατασκευάζειν
408 646 568 732 πονηράν.
613 643 681 710 Καὶ
703 647 767 730 γάρ
790 653 871 728 νῦν,
894 648 974 730 ἔφη,
998 625 1117 729 πέρα2

69 760 130 817 τοῦ
150 756 285 836 μετρίου
299 762 451 836 τρυφῶσι
469 756 573 816 τελῶν
588 749 772 836 ἀφειμένοι,
792 746 840 816 ὧν
859 749 994 816 ἐτέλουν
1011 761 1108 828 τοίςῡ

69 863 242 943 βασιλεῦσι
265 860 444 941 πρότερον,
472 854 617 921 καὶτῶν
641 858 687 932 είς
716 857 753 920 τὸ
782 867 875 940 σῶμα
902 868 1081 942 τιμωριῶν,

70 957 122 1042 αἷς
145 964 340 1043 ἐκολάζοντο
363 959 420 1028 ὑπ’
443 963 565 1046 αὐτῶν,
588 962 686 1028 ὁπότε
709 963 753 1047 μὴ
776 962 899 1046 ταχέως
920 963 1082 1046 ὑπηρετή-

70 1072 164 1136 σειάν
187 1094 218 1135 τι
235 1080 304 1134 τῶν
322 1068 595 1153 ἐπιταττομένων,
619 1067 792 1151 ἐλεύθεροι
809 1071 990 1151 γεγονότες.
1023 1067 1082 1134 ἐάν

71 1175 111 1241 δέ
135 1198 168 1240 τι
194 1186 390 1262 παρακινεῖν
418 1175 439 1258 ἢ
461 1178 667 1262 νεωτερίζειν
690 1172 948 1259 προενεχθέντες
971 1173 1081 1259 ἐπιβά-

70 1287 205 1364 λωνται,
223 1284 447 1365 κατείργωμεν
461 1281 584 1358 αὐτοὺς
597 1289 643 1369 τῷ
663 1290 898 1368 σωφρονοῦντι
917 1280 1008 1368 μέρει
1025 1292 1083 1366 τῆς
1097 1296 1123 1336 1⁰

70 1391 197 1465 πόλεως
225 1385 280 1452 καί
309 1387 497 1472 ὑγιαίνοντι
527 1391 656 1453 πλείονι
682 1398 743 1454 τοῦ
770 1397 953 1466 νοσοῦντος
976 1413 1082 1473 φανη-

71 1493 211 1581 σομένφ.
256 1494 395 1580 ὑπάρχει
425 1492 486 1579 μέν
515 1489 546 1577 γ’
572 1493 652 1578 ἡμῖν
682 1494 723 1559 οὐ
751 1496 851 1580 μικρά
879 1497 972 1578 ἰσχὺς
1000 1493 1118 1580 πρὸς3

26 1602 111 1665 θότδι
138 1600 311 1686 πράγματα
334 1598 389 1665 καί
411 1600 432 1683 ἡ
456 1611 524 1664 τῶν
547 1603 728 1686 πατρικίων
751 1602 868 1681 νεότης
891 1600 1021 1685 ἕτοιμος
1042 1603 1083 1666 τά

70 1708 270 1790 κελευόμενα
302 1717 425 1772 ποιεῖν·
468 1706 624 1791 μέγιστον
657 1701 694 1771 δέ
725 1705 860 1771 πάντων
892 1707 997 1771 ὅπλον
1027 1704 1083 1771 καί

72 1813 399 1895 δυσκαταγώνιστον,
428 1800 455 1900 ᾧ
482 1814 646 1896 χρώμενοι
674 1810 799 1897 ῥαδίως
822 1810 1083 1896 ἐπικρατήσομεν
1098 1826 1124 1867 15

71 1929 138 1983 τῶν
161 1920 360 2002 δημοτικῶν,
384 1919 421 1982 τὸ
444 1926 502 2000 τῆς
524 1920 647 2000 βουλῆς
664 1917 794 2000 κράτος,
818 1908 844 2004 ᾧ
864 1918 1083 2002 δεδιττόμεθα

72 2025 194 2100 αὐτοὺς
221 2025 301 2110 μετὰ
328 2035 395 2088 τῶν
422 2026 538 2107 νόμων
565 2022 744 2106 ἱστάμενοι.
785 2022 844 2087 ἐὰν
868 2019 898 2087 δ’
922 2022 1083 2088 ὑποκατα-

71 2130 263 2214 κλινώμεθα
300 2130 413 2206 αὐτοῖς
448 2138 507 2212 τῆς
539 2127 718 2211 ἀξιώσεως,
754 2140 888 2212 πρῶτον
920 2130 1083 2214 αἰσχύνην

72 2236 280 2320 ὀφλήσομεν,
313 2237 345 2301 εί
374 2237 482 2318 παρὸν
515 2233 551 2299 ἐν
584 2233 816 2320 ἀριστοκρατία
848 2236 1084 2300 πολιτεύεσθαι

74 2344 167 2429 δήμῳ
195 2342 236 2406 τά
262 2342 359 2406 κοινά
386 2338 617 2424 ἐπιτρέψομεν·
650 2342 760 2404 ἔπειτα
789 2334 819 2403 δ’
846 2341 894 2416 είς
921 2342 1083 2406 κίνδυνον
1099 2356 1126 2396 2⁰

73 2449 114 2514 οὐ
141 2450 201 2513 τὸν
227 2445 400 2531 ἐλάχιστον
422 2444 558 2530 ἥξομεν,
589 2452 623 2510 εί
640 2468 690 2522 τις
713 2443 960 2529 ἐκθεραπεύσας
982 2446 1085 2513 αὐτὸν

73 2554 227 2632 ἐξουσίαν
250 2557 422 2639 κρείττονα
444 2564 512 2618 τῶν
534 2555 648 2638 νόμων
666 2551 945 2617 κατασκευάσαιτο
964 2574 1085 2639 τυραν-

73 2661 165 2737 νικὸς
187 2659 284 2744 ἀνήρ,
307 2662 368 2742 τὴν
392 2653 588 2745 ἐλευθερίαν
612 2654 712 2735 αὖθις
736 2657 970 2741 ἀφαιρεθῆναι.
1010 2663 1085 2724 Τοι-

74 2847 282 2974 ἐθιομομςὴδοί.
297 2849 447 2920 Kiessling,
465 2866 565 2905 vocem
578 2850 720 2919 quandam
734 2851 800 2919 post
818 2850 867 2904 καί
881 2849 1020 2905 excidisse
1033 2868 1086 2921 pro

73 2924 149 2976 certo
190 2937 260 2976 aeo

147 2999 160 3045 1
182 2989 212 3046 ολ
228 3008 281 3045 om.
303 2992 325 3047 0
345 2992 409 3046 add.
429 2990 610 3046 Oasaubonus
683 2999 700 3046 4
718 2990 809 3061 πέραν
827 2991 850 3044 Β
923 2998 938 3046 9
958 2994 1086 3062 νεωτερί

74 3066 132 3129 ζειν
149 3061 308 3131 Acngb
336 3061 656 3132 μετεωρίζεινΒΟΒΕο
711 3070 744 3117 10
763 3062 996 3133 καθείργωμενΒ
1052 3069 1085 3116 13

74 3134 124 3189 καί
146 3133 202 3188 del.
221 3133 364 3202 Kiessling
385 3137 388 3200 Ι
410 3128 524 3202 ἕτοίμως
541 3134 565 3187 Β
639 3139 672 3187 16
691 3134 885 3204 δεδιττόμεθα
902 3134 928 3187 Α
949 3133 1004 3187 def.
1024 3131 1087 3201 syl-

73 3205 147 3274 burg
221 3210 253 3259 17
273 3202 411 3277 λσταμένφ
430 3221 452 3259 ο,
472 3204 576 3258 Reiske
591 3209 596 3269 Ι
611 3205 871 3274 ὑποκλινόμεθαΒ
941 3209 973 3257 18
993 3203 1086 3257 αὐτῶν

75 3275 97 3329 Ο
135 3275 231 3339 αότοῖς
248 3274 353 3329 Reiske
370 3280 374 3343 Ι
390 3284 500 3344 πρῶτον
520 3273 571 3346 μὲν
590 3274 679 3331 Cobet
698 3274 763 3329 Obs.
783 3294 809 3345 p.
827 3282 877 3328 116
941 3278 975 3325 ‘20
995 3269 1083 3326 ἔπειτ’

74 3343 111 3401 ἀν
137 3344 222 3408 είςΟ
261 3343 358 3400 ἔπειτα
381 3342 410 3400 δ’
432 3344 472 3409 είς
493 3346 637 3415 Kiessling
678 3343 765 3400 ἔπειτ’
787 3344 827 3407 είς
849 3344 996 3397 Baumann
1019 3342 1085 3397 obs.

75 3432 163 3484 gram.
184 3416 218 3470 de
237 3416 311 3470 mod.
330 3433 383 3470 usu
400 3434 428 3485 p.
443 3423 477 3470 33
549 3425 582 3472 21
602 3416 717 3487 ἤξοιμεν
736 3433 759 3470 ο.
778 3414 881 3469 Reiske
