2414 3840
90 184 137 250 50
521 188 683 236 -Δ-

92 349 245 432 ἀλλήλων
276 345 333 412 καὶ
364 345 559 433 παρατάξεις
592 348 693 424 ἀλλας
725 342 777 412 ἐπ’
806 349 921 425 ἀλλαις
953 364 1112 415 συνιστα-

91 453 211 540 μένων.
253 452 290 518 ἐν
314 453 455 530 ἀπάσαις
479 449 517 518 δέ
539 463 611 531 ταῖς
633 453 752 539 μάχαις
778 461 956 539 κατορθῶν
980 455 998 521 ὁ
1026 457 1168 521 Τύλ-ῖο8

92 568 179 645 λιος,
213 561 287 625 όσαι
319 561 401 624 κατά
433 561 545 637 πόλεις
576 582 611 624 τε
642 557 698 625 καὶ
724 561 807 646 πρὸς
835 561 915 626 ὅλον
941 563 979 626 τὸ
1008 563 1113 640 ἔθνος

93 669 182 756 αὐτῷ
211 664 434 750 συνέστησαν,
466 664 521 731 καί
548 663 658 752 τρισὶν
685 665 960 751 ἐπιφανεστάτοις
987 684 1112 753 κοσμη-

63 772 168 852 σθείς
190 775 372 860 θριάμβοις
391 777 553 838 τελευτῶν
571 773 739 857 ἠνάγκασε
756 776 836 849 τοὺς
855 773 916 838 ούκ
935 773 1113 853 ἀξιοῦντας

57 883 256 967 4άργεσθαι
279 881 339 946 τὸν
362 881 500 964 χαλινὸν
520 877 654 957 ἑκόντας
672 883 797 964 λαβεῖν.
836 882 972 968 εἰκοστῷ
993 875 1024 945 δ’
1047 877 1113 947 οὖν

93 990 158 1054 ἔτει
177 992 406 1054 συνελθοῦσαι
423 986 523 1051 πάλιν
542 986 579 1050 αί
594 987 723 1051 δώδεκα
737 989 850 1064 πόλεις
864 985 1114 1073 ἐξανηλωμέναι

91 1103 138 1183 τῷ
156 1092 289 1183 πολέμφ
307 1094 348 1158 τά
366 1117 401 1159 τε
420 1095 555 1178 σώματα
572 1091 627 1159 καί
641 1094 681 1158 τά
695 1095 845 1179 χρήματα
858 1094 997 1178 γνώμην
1011 1097 1113 1180 ἔσχον

92 1202 303 1288 παραδοῦναι
319 1195 494 1285 Ῥωμαίοις
516 1201 578 1284 την
600 1200 782 1285 ἡγεμονίαν
802 1194 855 1284 ἐφ’
877 1191 927 1278 οἷς
946 1203 1112 1287 πρότερον

57 1307 311 1392 ιοέύηφίσαντο.
343 1305 399 1372 καὶ
417 1315 570 1392 παρῆσαν
589 1306 653 1371 ἀπὸ
673 1306 780 1392 πάσης
792 1309 920 1385 πόλεως
933 1307 969 1372 οί
980 1327 1112 1393 προγει-

95 1413 269 1499 ρισῦέντες
287 1415 350 1479 σὺν
371 1414 549 1497 ἱκετηρίαις
573 1410 802 1498 ἐπιτρέποντες
819 1415 950 1502 Τυλλίφ
973 1415 1032 1491 τάς
1051 1417 1113 1480 πό-

93 1526 161 1598 λεις
179 1517 234 1587 καί
253 1516 358 1604 μηδὲν
372 1519 555 1603 ἀνήκεστον
569 1523 749 1603 βουλεῦσαι
763 1517 839 1605 περί
852 1519 964 1585 αὐτῶν
978 1519 1114 1598 ἀξιοῦν-

58 1631 154 1705 5τες.
192 1629 333 1704 Τύλλιος
356 1623 393 1692 δέ
416 1635 473 1710 της
496 1622 557 1710 μέν
576 1625 771 1712 ἀφροσύνης
789 1625 884 1691 ἕνεκα
903 1625 1044 1693 καὶτῶν
1063 1630 1114 1705 είς

93 1737 172 1813 τοὺς
203 1737 307 1812 θεοὺς
339 1733 570 1818 ἀσεβημάτων,
608 1732 667 1810 οὓς
699 1733 860 1817 ἐγγυητάς
887 1734 1113 1819 ποιησάμενοι

59 1866 86 1908 15
95 1852 162 1907 τῶν
200 1840 388 1924 ὁμολογιῶν
424 1839 615 1924 παρέβησαν
652 1841 692 1904 τά
724 1842 937 1924 συγκείμενα,
975 1845 1114 1907 πολλῶν

95 1948 217 2022 αὐτοὺς
245 1948 308 2031 ἔφη
337 1956 505 2030 τιμωριῶν
528 1944 641 2024 ἀξίους
665 1939 827 2011 εἶναικαὶ
851 1946 1015 2030 μεγάλων·
1052 1957 1113 2031 τῆς

95 2049 133 2118 δέ
150 2048 320 2138 Ῥωμαίων
348 2051 523 2128 ἐπιεικείας
550 2050 606 2116 καὶ
633 2054 858 2139 μετριότητος,
887 2051 1000 2137 ἐπειδὴ
1029 2070 1112 2138 συγ-

94 2161 232 2244 γνόντες
260 2159 388 2224 ἀδικεῖν
415 2156 577 2242 στέμμιισι
606 2156 661 2223 καί
689 2162 868 2236 λιτανείαις
893 2169 1169 2246 παρηποῦντοῖοο

59 2270 156 2351 6την
188 2267 308 2352 ὀργήν,
342 2262 443 2331 οὐδὲν
475 2263 512 2331 ἐν
542 2273 589 2352 τῷ
616 2267 757 2352 παρόντι
784 2265 969 2350 ἀτυχήσειν.
1013 2264 1110 2334 ταῦτ’

60 2375 199 2440 εοείπὼν
222 2374 418 2439 καταλύεται
440 2373 501 2438 τὸν
523 2373 606 2457 πρὸς
630 2370 751 2448 αὐτούς
773 2374 932 2456 πόλεμον,
954 2384 1025 2451 ταῖς
1048 2372 1113 2459 μὲν

94 2483 209 2557 ἀλλοις
230 2483 368 2545 πόλεσιν
392 2479 502 2556 ἁπλῶς
524 2477 580 2543 καὶ
603 2479 679 2563 δίχα
702 2478 804 2563 ὀργῆς
826 2480 1032 2563 μνησικάκου
1047 2465 1112 2548 πο-

94 2585 289 2650 λιτεύεσθαί
312 2581 343 2649 τ’
374 2585 521 2662 ἀποδοὺς
544 2585 588 2661 ὡς
610 2586 774 2671 πρότερον
796 2583 851 2649 καὶ
874 2587 914 2650 τά
938 2588 1008 2651 ίδια
1030 2611 1112 2675 καρ-

94 2697 258 2772 ποῦσθαι,
292 2686 471 2775 μενούσαις
502 2690 540 2755 ἐν
571 2701 642 2768 ταῖς
673 2693 869 2777 γραφείσαις
895 2695 979 2778 πρὸς
1007 2694 1112 2772 αὐτοῖς

95 2800 281 2881 συνθήκαις
307 2796 372 2863 ὑπὸ
400 2795 562 2881 βασιλέως
588 2800 792 2882 Ταρκυνίου·
828 2809 916 2884 τρεῖς
939 2797 970 2863 δ’
993 2799 1026 2878 ἐξ
1050 2802 1110 2866 αύ-

59 2930 87 2970 25
95 2916 162 2970 τῶν
185 2906 307 2986 πόλεις,
332 2906 369 2967 αἳ
388 2902 675 2990 προεξανέστησάν
697 2928 731 2968 τε
754 2903 810 2970 καὶ
832 2907 889 2982 τάς
912 2907 1013 2984 ἀλλας
1032 2906 1050 2972 ἐ
1073 2932 1110 2991 η-

166 3105 182 3152 3
202 3097 267 3152 ὅλον
286 3098 361 3170 αὐτῷ
379 3097 411 3152 τὸ
429 3096 452 3150 Β
537 3102 553 3150 ὅ
572 3099 638 3167 μοεῖ
661 3098 810 3164 ἀξιοῦντας
829 3097 925 3167 posuit
943 3093 1061 3162 ἑκόντας
1081 3103 1114 3155 οῖ

94 3189 119 3226 v.
140 3176 155 3224 6
175 3169 296 3232 ἀκοντας
313 3169 409 3240 λαβεῖν
428 3184 451 3224 ο.
470 3167 600 3223 Hertlein
617 3168 661 3223 Pr,
680 3168 838 3223 Wertheim
858 3175 926 3224 1873
945 3189 972 3239 p.
992 3177 1008 3224 9
1075 3177 1108 3225 11

93 3239 345 3316 <ί>κετηρίοιςΒο
362 3256 366 3305 1
385 3241 494 3314 Τωλλίῳ
513 3239 559 3294 Ba
594 3239 740 3314 Τ<υ>λλίφ
752 3239 798 3294 Bb
856 3246 889 3294 14
901 3242 967 3303 τοὺς
981 3241 1045 3294 add.
1062 3242 1107 3313 Βξ

94 3311 323 3385 ἀσεβημάτωνΒ
361 3313 450 3380 ἀτεθη
473 3310 547 3366 ἀτων
570 3312 595 3364 R
683 3318 715 3366 18
740 3309 891 3382 στέμμασιν
915 3309 1066 3383 ίκετηρίοις
1085 3331 1108 3368 ο.

95 3384 253 3454 Stephanus
320 3389 352 3436 19
368 3382 430 3438 οὐδ’
448 3331 479 3438 ἵν
500 3388 537 3457 τῷ
561 3382 665 3439 Reiske
719 3389 752 3437 21
772 3381 884 3445 ἀπόνως
901 3382 927 3436 A
963 3383 1067 3448 ἀπλως
1085 3385 1113 3437 Β

130 3462 164 3510 25
181 3451 355 3525 ἐπηγάγοντο
369 3454 422 3508 AB
454 3453 631 3524 ὑπηγάγοντο
646 3455 672 3507 R
689 3454 765 3522 quod
779 3454 833 3509 def.
848 3453 938 3508 Cobet
952 3454 1018 3510 obs.
1032 3472 1061 3525 p.
1073 3461 1110 3510 82
