2414 3840
493 200 652 250 ..ς-

71 359 344 443 ἐκστρατεύσωσι,
368 359 426 434 τάς
448 359 577 424 τούτων
596 361 702 437 οίκίας
720 359 847 444 μηδένα
866 359 986 438 ἐξεῖναι
1004 365 1084 445 μήτε

22 450 195 532 [οσπωλεῑν
227 463 301 549 μήτ’
328 464 536 549 ἐνεχυράζειν
569 468 649 549 μήτε
681 463 779 549 γένος
806 465 917 531 αὑτῶν
945 467 1083 550 ἀπάγειν

67 574 151 659 πρὸς
173 567 279 655 μηδὲν
303 572 509 654 συμβόλαιον
532 574 612 655 μήτε
636 573 779 636 κωλύειν
796 573 856 637 τὸν
875 575 1083 657 βουλόμενον

66 688 125 762 τῆς
148 679 320 762 στρατείας
342 688 527 741 κοινωνεῖν.
565 677 638 741 ὅσοι
662 675 691 742 δ’
715 675 757 742 δν
776 678 1008 763 ἀπολειφθῶσι
1026 688 1084 763 τῆς

68 787 250 869 στρατείας,
274 786 332 860 τὰς
354 784 437 848 κατά
459 785 588 849 τούτων
606 783 739 869 πράξεις
756 784 918 871 ὑπάρχειν
937 797 1006 863 τοῖς
1025 788 1109 851 &oc-⁵

67 900 226 973 νεισταίς,
262 885 316 974 ἐφ’
343 881 393 966 οἷς
423 887 572 966 ἑκάστοις
601 889 796 974 συνέβαλον.
847 893 892 968 ὡς
922 889 959 957 δὲ
987 890 1079 958 ταῦτ’

68 997 219 1080 ἤκουσαν
243 998 278 1062 οί
299 996 446 1080 πένητες,
471 997 587 1061 αὐτίκα
610 996 827 1081 συνέγνωσάν
850 1021 885 1063 τε
903 997 959 1063 καὶ
976 1004 1082 1084 πολλῇ

67 1105 241 1189 προθυμίᾳ
273 1103 393 1179 πάντες
425 1104 472 1179 είς
499 1104 558 1167 τὸν
585 1105 732 1187 πόλεμον
760 1104 927 1188 ὥρμηντο,
961 1105 996 1169 οί
1020 1101 1082 1189 μὲν

68 1208 199 1274 ἐλπίσιν
222 1208 393 1294 ὠφελειῶν
415 1207 632 1293 ὑπαχθέντες,
657 1210 692 1274 οί
712 1207 750 1276 δέ
771 1221 833 1277 τοῦ
856 1212 1082 1296 στρατηλάτου

67 1315 191 1401 χάριτι,
225 1316 261 1380 οἱ
290 1316 327 1380 δὲ
358 1321 507 1380 πλεῖστοι
534 1305 594 1380 τὸν
617 1315 762 1382 ’Ἁππιον
790 1318 846 1383 καὶ
873 1321 951 1396 τοὺς
978 1318 1015 1383 ἐν
1041 1327 1081 1404 τῇ
1097 1336 1122 1375 1⁰

66 1424 161 1486 πόλει
192 1422 275 1486 κατὰ
306 1433 374 1486 τῶν
400 1421 653 1505 ὑπομεινάντων
681 1428 974 1508 προπηλακισμοὺς
1001 1426 1082 1510 φεύ-

67 1550 192 1610 γοντες.
242 1528 444 1610 παραλαβὼν
478 1525 509 1592 δ’
548 1527 565 1592 ὁ
598 1531 796 1611 Σερουίλιος
826 1530 864 1594 τὸ
897 1532 1117 1616 στράτευμα2

68 1637 131 1700 σὺν
158 1637 265 1718 πολλῇ
293 1636 423 1719 σπουδῇ
453 1635 584 1699 ἐλαύνει
613 1635 775 1699 διαλιπὼν
799 1633 922 1700 ούδένα
945 1640 1081 1721 χρόνον,

68 1739 124 1804 ἵνα
148 1739 292 1826 συμμίξῃ
315 1750 386 1817 τοῖς
408 1743 589 1824 πολεμίοις,
612 1738 694 1824 πρὶν
716 1742 764 1817 είς
778 1737 949 1825 Ῥωμαίων
968 1743 1081 1825 χώραν

67 1846 190 1922 αὐτοὺς
213 1846 393 1929 εἰσβαλεῖν·
421 1847 477 1911 καὶ
499 1846 695 1929 καταλαβὼν
717 1844 792 1932 περὶ
810 1848 848 1912 τὸ
862 1851 1080 1931 Πωμεντῖνον
1096 1865 1121 1906 1⁵

66 1955 192 2037 χωρίον
229 1952 568 2036 ἐστρατοπεδευκότας
598 1950 654 2017 καὶ
686 1952 749 2035 τὴν
780 1955 936 2018 Λατίνων
968 1954 1080 2037 χώραν

66 2059 347 2144 προνομεύοντας,
366 2057 417 2122 δτι
434 2063 684 2141 παρακαλοῦσιν
704 2057 817 2135 αὐτοῖς
835 2057 876 2124 ού
891 2060 1079 2144 συνήραντο

66 2173 127 2228 τοῦ
149 2162 309 2248 πολέμου,
335 2162 411 2249 περὶ
435 2166 549 2247 δείλην
572 2163 673 2241 ὀψίαν
696 2166 785 2248 παρὰ
808 2167 916 2248 λόφον
938 2167 1013 2230 τινά
1036 2165 1081 2242 ὡς

67 2276 172 2336 είκοσι
200 2271 317 2336 στάδια
345 2280 403 2355 τῆς
427 2273 681 2355 στρατοπεδείας
703 2270 814 2336 αὐτῶν
837 2271 1011 2355 ἀφεστῶτα
1033 2276 1079 2336 τί-

22 2382 164 2442 107θεται
186 2378 246 2442 τὸν
264 2378 405 2463 χάρακα·
432 2374 487 2442 καὶ
507 2377 619 2455 αὐτοῖς
636 2378 757 2454 νυκτὸς
775 2376 979 2443 ἐπιτίθενται
994 2379 1080 2444 0230-
1094 2397 1120 2437 2⁰

68 2488 205 2549 λοῦσκοι
238 2483 372 2566 ὀλίγους
401 2507 436 2548 τε
470 2482 624 2561 δόξαντες
641 2476 743 2549 ἐἶναι
774 2481 829 2549 καὶ
862 2485 907 2561 ὡς
936 2483 969 2563 ἐξ
997 2484 1080 2550 ὁδοῦ

67 2598 193 2674 μακρᾶς
219 2592 427 2667 κατακόπους
448 2593 641 2675 προθυμίας
662 2587 693 2654 τ’
721 2590 850 2667 ἐνδεῶς»
865 2593 1001 2675 ἔχοντας
1024 2593 1080 2657 διὰ

65 2698 145 2772 τοὺς
173 2695 209 2761 ἐκ
236 2706 303 2760 τῶν
330 2698 482 2779 πενήτων
510 2694 586 2781 περὶ
613 2697 653 2761 τδι
675 2695 756 2781 χρέα
778 2700 1021 2783 νεωτερισμοὺς
1043 2698 1080 2763 ἐν

66 2802 152 2886 ἀκμῇ
179 2801 320 2886 μάλιστα
348 2804 530 2880 δοκοῦντας
557 2797 653 2868 εἶναι.
698 2802 717 2868 ὁ
747 2800 784 2869 δέ
807 2806 1005 2890 Σερουίλιος
1033 2807 1115 2871 ἐτι3

65 2909 186 2986 νυκτὸς
213 2909 277 2973 άπὸ
304 2917 366 2973 τοῦ
393 2908 535 2994 χάρακος
563 2907 825 2993 ἀγωνισάμενος,
853 2908 923 2975 ἐπεὶ
948 2908 985 2977 δέ
1008 2922 1079 2996 φῶς
1094 2928 1119 2968 2⁵

139 3106 153 3154 1
174 3099 274 3170 μηδενὶ
299 3118 322 3156 ο.
341 3098 431 3154 Cobet
449 3101 514 3154 Oba.
533 3118 560 3169 p.
577 3107 627 3155 117
644 3104 648 3167 1
665 3101 732 3171 μήτε
752 3103 817 3156 ante
836 3092 966 3172 κατέχων
984 3118 1037 3157 om.
1056 3101 1079 3153 B

66 3177 82 3227 6
102 3168 215 3226 ἕκαστοι
229 3170 252 3225 Ο
270 3173 383 3241 praeter
397 3170 426 3241 0,
446 3165 572 3234 ἑκάστοις
586 3170 710 3226 Sintenis
724 3189 835 3242 quoque
845 3173 905 3228 Em.
915 3173 996 3226 Dion.
1008 3171 1078 3226 1128

67 3248 132 3297 ’ίτε
150 3243 247 3298 om.B
334 3248 365 3296 11
385 3241 640 3313 ἀπομεινάντωνΒ
722 3251 755 3300 18
774 3243 840 3314 περὶ
858 3241 947 3313 λόφον
966 3244 988 3296 Ο
1008 3256 1078 3295 corr.

64 3312 170 3368 Reiske
261 3319 296 3368 23
313 3313 384 3382 πρὸς
409 3313 445 3368 τὰ
473 3311 542 3385 χρία
566 3313 662 3384 Tegge
685 3315 720 3370 de
742 3333 796 3369 usu
817 3330 946 3383 praepos.
969 3311 1077 3379 quaest.

65 3401 98 3510 χ)ὲ
109 3391 181 3510 lgnt.
196 3388 201 3454 Ι
218 3380 249 3467 ἐν
261 3386 343 3510 ῙάκΙμῇ
362 3383 424 3440 τότε
443 3385 562 3455 μάλιστα
580 3402 603 3440 ο.
622 3384 726 3441 Reiske
785 3393 819 3439 25
839 3379 937 3452 ἐπειδὴ
957 3380 980 3435 Ο
1016 3375 1078 3434 ἐπεὶ

137 3473 168 3508 m
182 3472 242 3509 ems
273 3499 279 3511 .
311 3496 317 3511 .

118 3556 218 3597 mom
231 3556 296 3596 Ηιω,
308 3556 341 3596 Π,
361 3566 400 3598 το.
415 3558 518 3600 Jmonr.
895 3547 935 3595 Ἦ
