2414 3840
488 184 653 233 -Ε-
778 228 788 243 .
1016 180 1078 245 179

62 330 125 409 οἷοι
149 345 189 429 δὴ
215 341 381 428 μηδέποτε
407 344 467 408 τὸν
494 330 633 426 βασιλέα
654 352 722 408 τών
750 347 934 428 Τυρρηνῶν
956 343 1079 408 θεασώ-

61 461 178 536 μενος,
211 459 334 516 τοῦτον
363 451 428 516 ’τὸν
461 451 569 536 ἄνδρα
599 447 745 533 ὑπέλαβε
774 453 950 535 Πορσίναν
980 443 1079 514 εἶναι·

61 549 83 616 ὅ
111 553 140 623 δ’
155 553 198 641 ῆν
221 558 286 644 ἄρα
304 560 515 643 γραμματεὺς
533 565 594 622 τοῦ
613 556 784 640 βασιλέως,
809 556 953 640 ἐκάθητο
973 554 1004 620 δ’
1027 554 1080 621 ἐπὶ

57 673 127 730 τοῦ
154 667 302 748 βήματος
325 664 515 748 όιαρώμῶν
538 665 618 740 τοὺς
640 664 841 749 στρατιώτας
863 661 919 728 καὶ
937 664 1080 748 όιαγροί-

57 786 141 848 φων
171 769 287 847 αὐτοῖς
318 771 397 846 τοὺς
426 769 671 855 ὀψωνιασμούς.
718 766 772 834 ἐπὶ
801 778 921 835 τοῦτον
950 771 992 855 βῆ
1019 732 1115 846 τὸνς3

52 874 257 962 γραμματέα
283 878 436 962 χωρήσας
464 875 521 940 βιίι
542 884 603 940 τοῦ
626 876 877 960 περιεστηκότος
900 878 1002 961 όχλου
1024 875 1081 943 καὶ

51 976 191 1068 ἀναβὰς
220 983 266 1059 ὡς
295 983 440 1059 ἄνοπλος
467 976 525 1046 ὑπ’
552 981 697 1058 οὐθενὸς
724 983 935 1064 κωλυόμενος
962 982 1016 1049 ἐπὶ
1042 984 1080 1049 τὸ

46 1086 168 1176 βῆμα,
207 1096 327 1154 σπᾶται
363 1089 401 1153 τὸ
435 1086 601 1172 ξιφίδιον,
640 1087 658 1152 ὃ
690 1096 748 1171 τῆς
779 1091 956 1172 περιβολῆς
989 1089 1082 1167 ἐντὸς

42 1189 216 1282 ἔκρυπτε,
239 1192 295 1260 καὶ
316 1196 408 1259 παίει
429 1195 489 1259 τὸν
507 1195 616 1277 ἄνδρα
634 1195 717 1259 κατὰ
735 1202 792 1277 τῆς
810 1200 964 1279 κεφαλῆς.
1002 1195 1082 1269 ἀπο-

42 1299 234 1379 θανόντος
257 1297 295 1366 &z
316 1309 378 1366 τοῦ
399 1298 616 1387 γραμματέως
638 1305 746 1386 πληγῆ
770 1308 844 1388 μιᾷ,
874 1301 1082 1388 συλληφθεὶς
1096 1320 1123 1360 1⁰

42 1410 169 1486 εὐθὺς
196 1408 262 1474 ὑπὸ
290 1418 358 1473 τῶν
384 1404 461 1492 περὶ
487 1407 525 1471 τὸ
553 1409 642 1491 βῆμα
669 1408 753 1492 πρὸς
779 1409 839 1473 τὸν
868 1409 1005 1492 βασιλέα
1027 1432 1083 1476 πε-

42 1513 237 1601 πυσμένον
254 1516 320 1599 ῆὸη
338 1514 400 1598 τῆν
417 1521 478 1579 τοῦ
496 1511 713 1598 γραμματέως
729 1513 901 1599 ἀναίρεσιν
916 1515 1083 1599 ἀπάγεται.

42 1610 77 1678 5
106 1619 138 1687 δ’
162 1622 207 1698 ὡς
230 1615 320 1687 εἶδεν
339 1620 454 1703 αὐτόν,
472 1610 512 1685 Ὦ
529 1619 714 1705 μιαρώτατε
732 1620 879 1704 πάντων,
902 1617 1005 1704 εἶπεν,
1029 1623 1120 1688 κόν-4

42 1725 230 1817 Βρώπων,
258 1722 314 1792 καὶ
338 1726 431 1802 δίκας
454 1723 587 1808 ὑφέξων
611 1724 673 1789 οὐκ
696 1725 743 1800 είς
766 1724 897 1810 μακρὰν
920 1720 968 1790 ὧν
991 1726 1082 1805 ἄξιος

42 1831 104 1920 εί,
129 1833 216 1918 λέγε,
240 1834 290 1909 τίς
313 1825 421 1897 εἶκαὶ
442 1833 551 1896 πόθεν
574 1828 758 1915 ἀφιγμένος
781 1828 836 1895 καὶ
854 1833 921 1896 τίνι
941 1834 1083 1919 βοηθείᾳ
1099 1851 1124 1893 15

42 1940 236 2017 Γπεποιθὼς
268 1938 481 2024 ἐπεχείρησας
513 1939 600 2024 ἔργω
632 1938 811 2024 τηλικῷδε·
855 1934 911 2001 καὶ
942 1940 1085 2025 πότερον

42 2050 124 2114 τὸν
147 2044 341 2132 γραμματέα
364 2045 424 2108 τὸν
447 2043 529 2129 ἐμὸν
548 2042 744 2108 ἀποκτεῖναί
759 2059 813 2108 σοι
831 2044 1009 2127 προῦκειτο
1027 2050 1085 2130 μό-

42 2169 128 2220 ιιον
150 2154 172 2238 ῆ
194 2152 291 2237 κάμέ·
323 2149 495 2227 καὶτίνας
517 2151 601 2235 ἔχεις
623 2153 809 2226 κοινωνοὺς
831 2158 889 2233 τῆς
907 2149 1086 2235 ἐπιβουλῆς

42 2252 86 2346 ἢ
114 2263 330 2346 συνίστορας;
364 2256 541 2343 ἀποκρόψη
572 2253 610 2322 δέ
632 2255 738 2342 μηδὲν
760 2267 827 2322 τών
851 2255 1005 2340 ἀληθῶν,
1029 2257 1085 2323 ἵνα

42 2368 109 2451 ειη
134 2368 395 2450 βασανιζόμενος
418 2363 633 2449 ἀναγκασθῆς
656 2360 775 2446 λέγειν.
1099 2385 1126 2424 ιο

133 2472 304 2539 XXVIIII.
327 2468 394 2536 Καὶ
418 2471 435 2537 ό
457 2470 608 2548 Μούκιος
631 2471 708 2536 οὔτε
731 2473 895 2555 μεταβολῆ
914 2471 1086 2556 χρώματος

47 2581 144 2646 ὀὔτε
172 2580 315 2666 συννοίᾳ
343 2579 527 2661 προσώπου
553 2578 613 2642 τὸν
637 2577 855 2662 ὀρρωδοῦντα
879 2578 1085 2663 ὃιασημῆνας

58 2681 138 2752 οὔτ’
161 2686 242 2752 ἄλλο
266 2685 388 2750 παθών
412 2683 528 2767 οὐδέν,
558 2679 606 2749 ὧν
629 2690 768 2769 φιλοῦσι
791 2684 930 2769 ποίσχειν
954 2687 990 2750 oc
1010 2684 1084 2772 μέλ’-

65 2797 182 2870 λοντες
205 2793 445 2876 ἀποθνήσκειν,
469 2789 557 2875 λέγει
580 2793 663 2876 πρὸς
682 2791 799 2857 αὐτόν·
824 2786 907 2875 Ἐγὼ
925 2788 1085 2878 Ῥωμαίος

69 2899 128 2984 μέν
151 2901 228 2984 είμι,
252 2896 308 2964 καὶ
332 2898 373 2962 οὐ
396 2907 463 2963 τών
484 2897 707 2982 ἐπιτυχόντων
726 2897 822 2964 ἕνεκα
840 2897 970 2983 γένους,
995 2898 1083 2966 έλευ-
1098 2917 1124 2960 εσ

138 3091 365 3164 2ώπολαβὼνΒ
438 3097 454 3146 8
482 3099 531 3160 τῆς
558 3095 707 3161 περιβολῆς
737 3087 815 3156 ἐντός
832 3093 858 3146 A
895 3092 909 3147 ὁ
935 3089 1013 3156 έυτὸς
1035 3099 1084 3158 τῆς

71 3182 97 3220 π.
115 3164 141 3217 R
230 3166 390 3233 9κεφαλῆς
407 3161 433 3214 Α
469 3170 579 3234 σφαγῆς
601 3163 648 3217 Ba
688 3167 813 3234 κεφαλῆς
837 3163 1016 3233 superscript.
1037 3161 1083 3213 Bb

72 3240 103 3288 12
121 3234 175 3304 ἤδη
193 3232 264 3306 παρ’
286 3229 388 3305 ἕτέρων
406 3232 458 3303 τὴν
477 3237 500 3289 Β
573 3241 606 3290 15
626 3236 728 3306 ώφίξαι
745 3235 793 3289 Ba,
865 3242 898 3290 19
918 3235 1082 3299 συνίστορας

73 3305 132 3361 add.
151 3306 174 3358 Β
197 3309 201 3375 Ι
222 3306 375 3376 ἀποκρώφη
394 3304 417 3358 Β
454 3304 622 3376 ἀπόκρυφαι
639 3307 665 3359 R
755 3311 789 3360 25
810 3303 893 3361 ἕνεκα
911 3303 1021 3378 γένους]
1043 3295 1084 3358 Εἷς

73 3376 101 3431 τό
122 3375 202 3448 γένος
225 3394 248 3432 c.
268 3379 370 3432 (ἔσεισε
388 3377 453 3432 Obs.
472 3396 499 3448 p.
520 3383 551 3432 51
580 3382 584 3448 Ι
610 3377 699 3448 όνομα
722 3377 851 3441 Μούκιος
873 3394 896 3430 ο.
922 3371 994 3428 Smit
1013 3368 1082 3423 obs.

74 3463 100 3515 p.
112 3455 144 3504 17
164 3449 198 3504 cf.
217 3449 262 3503 Fr.
281 3448 380 3517 Ksebs,
399 3448 727 3519 Praepositionsadverb.
742 3447 768 3500 H
785 3465 813 3515 p.
829 3453 863 3502 25

872 3532 925 3587 12*
