2414 3840
531 196 691 249 ,ς-

100 356 258 443 μένοντες
290 361 483 442 καθήμεθα,
516 366 580 440 γῆν
612 354 643 420 τ’
680 358 829 442 άσπορον
862 356 1036 441 ἀφεικότες
1063 356 1116 423 καὶ

101 462 204 539 αὐλάς
228 461 490 549 διαρπαζομένας
512 461 657 547 δρῶντες
677 465 770 527 λείαν
789 458 819 528 τ’
841 461 1115 548 ἀπελαυνομένην

100 566 156 634 καὶ
183 569 393 652 θεράποντας
415 568 683 653 αὐτομολοῦντας
704 565 759 634 καί
783 568 845 634 οὐκ
868 571 1015 654 ἔχοντες,
1045 571 1063 634 ὅ
1086 593 1115 634 τι

99 676 294 761 χρησόμεθα
317 684 387 752 τοῖς
404 685 525 752 κακοῖς.
562 673 738 740 καὶταῦτα
756 675 939 760 πάσχοντες
958 679 1006 741 ἔτι
1026 678 1114 742 διαλ-
1137 683 1141 689 ”

73 784 308 865 τλαγησεσθαι
335 781 418 867 πρὸς
444 780 530 866 ἡμᾶς
552 779 725 866 ἐλπίζομεν
746 783 784 846 τὸ
808 783 1006 867 δημοτικόν,
1036 781 1113 865 [καὶ]

100 882 155 972 ἐφ’
172 887 253 972 ἡμῖν
273 887 425 974 ὑπάρχον
444 888 568 964 εἰδότες
587 884 637 952 έυὶ
656 888 908 953 καταλύσασθαι
926 892 1114 973 ψηφίσματι

99 995 161 1078 τὴν
183 994 313 1072 στάσιν;

167 1100 219 1164 LI.
250 1099 346 1165 Οὕτω
371 1096 408 1164 δέ
430 1110 538 1176 κακῶς
561 1098 706 1183 ἐχόντων
728 1098 810 1184 ἡμίν
831 1110 899 1165 τῶν
922 1100 1113 1188 ὑπαιθρίων

100 1202 184 1271 οὐδὲ.
204 1207 244 1270 τά
267 1205 361 1281 ἐντὸς
383 1207 512 1290 τείχους
535 1206 629 1270 δεινά
651 1200 751 1288 ἧττόν
774 1205 843 1270 ἐστι
862 1208 1000 1293 φοβερά.
1040 1210 1165 1273 οότειεσσ

60 1348 86 1388 10
100 1312 163 1397 γὰρ
196 1310 240 1386 ὡς
270 1313 570 1395 πολιορκησόμενοι
597 1312 894 1397 παρεσκευάσμεθα
924 1312 961 1379 ἐκ
988 1319 1113 1380 πολλοῦ

98 1417 140 1480 τά
172 1416 360 1501 συμμαχικὰ
392 1416 468 1480 οὔτε
499 1420 622 1501 πλήθει
653 1415 749 1483 αὐτοὶ
776 1416 988 1504 ἀποχρῶντές
1017 1420 1113 1506 ἐσμεν

99 1522 144 1600 ὡς
171 1523 255 1608 πρὸς
280 1530 425 1587 τοσαῦτα
452 1525 621 1606 πολεμίων
652 1526 752 1608 έθνη,
781 1533 842 1590 τοῦ
866 1522 896 1589 δ’
920 1525 1040 1609 ὀλίγου
1062 1525 1113 1592 καλ

100 1629 161 1694 οὐκ
184 1627 365 1714 ἀξιομάχου
387 1629 606 1712 πληρώματος
628 1631 665 1694 τὸ
689 1633 806 1695 πλεῖόν
829 1629 898 1695 ἐστι
922 1632 1113 1717 δημοτικόν,

98 1741 199 1819 θῆτες
225 1732 281 1800 καὶ
306 1735 444 1799 πελάται
466 1733 521 1799 καὶ
544 1736 780 1821 χειρώνακτες,
807 1737 849 1802 οὐ
871 1737 961 1803 πάνυ
985 1737 1113 1823 βέβαιοι

59 1879 84 1918 15
98 1837 342 1927 τεταραγμένης
365 1839 616 1927 ἀριστοκρατίας
634 1842 788 1925 φύλακες.
827 1842 913 1908 αἵτε
933 1853 1001 1909 νῦν
1019 1845 1113 1911 αὐτο-

98 1950 211 2031 μολίαι
239 1956 388 2030 συνεχεῖς
416 1946 526 2012 αὐτῶν
553 1948 637 2033 πρὸς
663 1948 742 2024 τοὺς
770 1947 997 2032 ἀφεστηκότας
1025 1954 1114 2034 γινό-

63 2075 207 2139 ημεναι,
226 2054 264 2117 τὸ
283 2053 418 2136 σύμπαν
437 2053 588 2118 ὕποπτον
603 2047 689 2118 εἶναι
703 2055 999 2140 παρεσκευάκασιν.
1032 2053 1112 2142 ὑπὲρ

98 2160 228 2224 άπαυτα
258 2154 295 2223 δὲ
323 2165 427 2223 ταῦτα
455 2158 474 2241 ἡ
501 2169 568 2223 τῶν
597 2158 793 2242 ἐπιτηδείων
823 2162 1009 2245 συγκομιδὴ
1037 2186 1113 2247 κρα-

97 2264 261 2349 τουμένης
289 2263 353 2328 ὑπὸ
382 2274 449 2329 τῶν
477 2267 644 2350 πολεμίων
672 2274 731 2349 τῆς
757 2274 817 2350 γῆς
840 2265 1009 2346 άδόνατος
1032 2263 1114 2335 οὖσα

58 2411 85 2450 20
99 2374 201 2458 φοβεῖ
225 2395 260 2436 τε
287 2371 353 2454 ἤδη
382 2373 495 2456 λιμόν,
524 2371 658 2437 ἐπειδάν
687 2366 717 2436 τ’
744 2371 781 2437 έυ
803 2380 849 2459 τῷ
873 2371 989 2461 ἀπόρῳ
1012 2377 1113 2458 γενώ-

98 2485 187 2562 μεθα
210 2480 258 2543 ἔτι
280 2481 408 2561 μᾶλλον
432 2481 584 2562 φοβήσει,
608 2475 709 2564 χωρὶς
732 2475 769 2544 δέ
792 2479 921 2544 τούτων
945 2466 1162 2566 δ’μηδένα115λ

98 2587 222 2671 χρόνον
252 2582 337 2668 ἡμᾶς
367 2583 545 2649 εὐσταθεῖν
575 2594 647 2662 ταῖς
677 2585 842 2663 διανοίαις
869 2585 934 2650 ἐῶν
961 2589 1111 2672 πόλεμος.

98 2690 227 2755 ἅπαντα
242 2686 321 2775 <δ’>
343 2690 541 2777 ὑπερβάλλει
563 2693 604 2755 τά
627 2692 721 2756 δεινδι
743 2692 866 2774 γόναια
883 2702 952 2757 τῶν
972 2693 1111 2760 ἀποστα-

98 2806 166 2860 τῶν
189 2795 244 2861 καὶ
266 2798 383 2861 παιδία
406 2799 507 2880 νήπια
529 2794 584 2862 καὶ
607 2796 741 2884 γηραιοί
765 2808 885 2880 γονεῖς,
910 2797 947 2864 έν
972 2799 1111 2884 ἐσθῆσιν

98 3026 150 3079 δον
171 3024 193 3079 O
229 3043 252 3077 τ.
272 3022 419 3095 γενόμενοι
442 3042 465 3080 ο.
488 3024 634 3094 Kiessling
656 3026 691 3079 cf.
716 3024 838 3080 Sintenis
857 3024 887 3078 in
906 3024 1040 3080 Zarnckii
1057 3026 1111 3080 Lit-

98 3098 182 3186 λεταη.
201 3094 329 3182 Παὶτμτε,
345 3101 413 3152 1865
432 3115 459 3166 p.
475 3103 535 3165 ⁷42,
554 3097 663 3165 Kayser
680 3096 809 3151 Heidelb.
824 3095 926 3150 Annal.
938 3102 1008 3154 1868
1023 3116 1050 3167 p.
1062 3101 1110 3153 6⁷5

97 3183 585 3320 τειχηδεέλάίὲόόέέςεςΟθὲέλπίζομεν
604 3238 708 3294 Reiske
733 3242 737 3307 Ι
763 3237 811 3291 καὶ
834 3237 888 3292 del.
909 3236 1036 3294 Sintem's
1055 3239 1110 3292 Em.

97 3309 180 3364 Dion.
195 3308 221 3362 II
236 3315 269 3362 22
307 3309 400 3363 καίτοι
418 3325 440 3363 ο.
460 3309 604 3378 Koesshng
621 3310 665 3363 Pr.
685 3310 749 3363 Bas.
768 3327 796 3378 p.
813 3313 846 3362 18
912 3309 1029 3383 δημῖν]
1049 3311 1109 3380 ὑμῖν

97 3382 121 3434 Β
183 3385 217 3434 20
236 3380 367 3451 φοβεῖται
385 3378 430 3434 Ba
466 3381 555 3504 wien*
568 3400 597 3435 τε
616 3378 785 3450 ΑΒοΙῆδη
805 3379 928 3449 λιμδνΟ
957 3382 1039 3452 λιμόν
1058 3380 1107 3434 del.

87 3449 240 3522 Kiessling
313 3456 347 3508 23
367 3447 395 3506 δ’
413 3449 478 3507 add.
520 3453 596 3506 ortus
