2414 3840
536 179 695 231 ,ς-

69 341 90 404 3
106 340 217 405 ἀλλων
236 335 414 404 ἐπιλέκτων
433 337 559 404 ἱππέων
573 338 860 423 ἐπιβοηθήσαντος
874 339 997 416 αὐτοῖς.
1026 335 1120 407 οὗτοι

105 441 168 530 μὲν
198 440 260 510 οὖν
287 445 388 509 πάλιν
416 444 639 528 ἀναλαβόντες
666 446 789 522 αὑτοὺς
816 444 993 530 ἐμάχοντο,
1022 447 1058 511 οί
1084 443 1120 512 δέ

104 560 162 634 τῆς
185 550 356 634 φάλαγγος
378 549 538 634 ἡγεμόνες
560 548 715 634 ἑκατέρας
741 555 838 627 Τίτος
860 551 1043 634 Αἰβούτιος
1064 550 1120 617 καὶ

105 661 276 742 Μαμίλιος
291 653 479 732 Ὀκταούιος
497 660 709 742 λαμπρότατα
722 657 856 722 πάντων
871 657 1121 742 ἀγωνιζόμενοι,

78 761 161 828 5καὶ
189 762 365 849 τρέποντες
392 759 453 847 μὲν
480 765 559 839 τοὺς
586 761 834 847 ὑφισταμένους
861 759 940 828 καθ’
967 761 985 827 6
1013 765 1122 849 χωρή-

106 885 200 934 σειαν
228 869 341 954 μέρος,
371 868 664 945 ἀντικαθιστάντες
692 866 730 934 δέ
755 879 824 934 τῶν
847 867 1019 955 σφετέρων
1041 873 1199 947 τοὺςλοσί

105 975 376 1061 θορυβηθέντας,
408 984 577 1060 χωροῦσιν
609 974 646 1040 ἐκ
674 977 886 1059 προκλήσεως
915 974 1034 1059 ὁμόσε,
1066 975 1122 1041 καὶ

105 1080 328 1168 συρράξαντες
355 1081 483 1164 πληγάς
509 1076 580 1144 κατ’
609 1079 761 1163 ἀλλήλων
784 1078 949 1164 φέρουσιν
972 1083 1121 1167 ίσχυράς,

106 1188 148 1252 οὐ
174 1188 241 1271 μὴν
268 1191 433 1272 καιρίους,
463 1186 481 1251 6
508 1183 570 1271 μέν
600 1185 762 1271 ἱππάρχης
784 1187 833 1262 είς
853 1187 893 1250 τά
916 1186 1039 1270 στέρνα
1060 1197 1121 1254 τοῦ

68 1312 94 1351 10
108 1296 282 1377 Μαμιλίου
306 1294 362 1357 όιά
383 1294 539 1380 θώρακος
562 1291 681 1369 ἐλάσας
702 1292 764 1374 τὴν
787 1293 919 1377 αἰχμήν,
943 1292 960 1358 6
985 1290 1023 1358 δέ
1046 1299 1122 1361 Μα-

108 1402 218 1485 μίλιος
244 1397 347 1483 μέσον
369 1401 555 1484 περονήσας
576 1399 637 1463 τὸν
658 1395 768 1474 δεξιὸν
791 1397 921 1463 ἐκείνου
944 1402 1122 1484 βραχίονα·

108 1502 163 1569 καλ
186 1507 365 1569 πίπτουσιν
387 1504 451 1569 ἀπὸ
474 1515 542 1570 τῶν
565 1505 684 1570 ἵππων.

174 1610 248 1675 ΧΠ.
269 1605 580 1696 Ἀποκομισθέντων
603 1608 634 1675 6'
663 1607 861 1697 ἀμφοτέρων
882 1609 918 1676 ἐκ
940 1619 999 1694 τῆς
1017 1612 1122 1697 μάχης

109 1717 127 1782 6
150 1715 347 1801 τεταγμένος
369 1711 471 1793 αὖθις
487 1717 690 1801 πρεσβευτὴς
703 1716 843 1802 Μάρκος
858 1713 1043 1802 Οὐαλέριος
1059 1720 1122 1803 τὴν

67 1833 167 1889 15τοῦ
195 1823 361 1908 ἱππάρχου
387 1823 600 1907 παρειληφὼς
626 1822 823 1906 ἡγεμονίαν,
855 1821 988 1898 ἐπιστάς
1015 1824 1122 1908 (σὺν)

106 1941 175 2007 τοῖς
198 1927 280 2014 ἀμφ’
303 1929 407 1994 αὐτὸν
427 1929 581 1994 ἱππεῦσιν
600 1926 653 1994 ἐπὶ
671 1931 750 2006 τοὺς
767 1929 850 1993 κατά
867 1931 1049 2014 πρόσωπον
1067 1929 1122 1996 καὶ

106 2037 226 2122 μικρὸν
249 2035 414 2119 ἀντισχὼν
437 2037 562 2121 χρόνον
585 2034 758 2113 ἐξωθεῖται
779 2033 903 2120 ταχέως
925 2044 983 2119 τῆς
999 2035 1122 2116 τάξεως

106 2141 159 2208 ἐπὶ
183 2142 283 2208 πολύ·
315 2137 399 2224 ἧκον
423 2138 460 2207 66
482 2138 538 2207 καὶ
559 2142 692 2218 τούτοις
715 2141 751 2207 ἐκ
773 2152 841 2207 τῶν
866 2142 1031 2226 φυγάδων
1054 2154 1121 2208 τῶν

107 2236 154 2314 ἐά
160 2243 285 2331 Ῥώμης
309 2246 435 2312 ἱππέων
456 2270 493 2312 τε
515 2246 571 2312 καὶ
594 2253 702 2326 ψιλῶν
724 2250 896 2332 βοήθειαι,
924 2246 980 2314 καὶ
1002 2249 1021 2315 6
1046 2254 1122 2315 Μα-

65 2373 93 2413 εο
106 2357 216 2440 μίλτος
247 2353 435 2439 ἀνειληφὼς
467 2352 503 2419 έκ
532 2363 591 2437 τῆς
617 2360 743 2439 πληγῆς
772 2353 891 2420 ἑαυτὸν
918 2357 983 2439 ἤδη
1011 2365 1122 2442 παρῆν

107 2456 208 2537 αὖθις
235 2462 327 2544 ἀγων
356 2465 487 2544 πλῆθος
515 2457 641 2526 ἱππέων
667 2485 703 2526 τε
730 2457 785 2525 καὶ
812 2464 918 2539 πεζῶν
944 2465 1122 2548 καρτερόν·

106 2566 143 2633 ἐν
171 2569 278 2654 τούτω
305 2575 351 2655 τῷ
379 2566 484 2650 ἀγῶνι
508 2567 526 2631 ὅ
548 2589 584 2632 τε
606 2568 811 2654 πρεσβευτὴς
832 2568 972 2654 Μάρκος
996 2567 1123 2634 Οὐαλέ-

107 2696 190 2758 ριος,
213 2673 231 2738 6
255 2675 314 2738 τὸν
337 2674 419 2738 κατὰ
443 2675 604 2756 Σαβίνων
626 2683 757 2761 πρῶτος
778 2674 976 2756 καταγαγὼν
998 2677 1183 2759 θρίαμ1063

101 2783 170 2863 βον
198 2776 255 2843 καὶ
284 2780 321 2844 τὸ
351 2781 509 2865 φρόνημα
535 2786 595 2863 τῆς
620 2781 747 2856 πόλεως
773 2777 1058 2864 τεταπεινωμένον
1086 2779 1122 2846 ἐκ

180 2929 509 3007 1ἐπιβοηθησάντωνΒ
581 2936 720 2998 2αάτούς
736 2934 814 2989 ΑΒο
850 2935 953 2997 αὑτούς
971 2935 1017 2990 Bb
1088 2941 1121 2990 14

106 3002 193 3069 αάθις
216 3007 373 3079 πρεσβύτης
395 3004 515 3076 Μάρκος
532 3007 558 3061 Α
599 3003 686 3069 αάθις
709 3003 841 3077 ὁωμοιίων
863 3006 1020 3078 πρεσβύτης
1037 3011 1079 3061 M.
1098 3007 1121 3059 B

107 3073 194 3140 αάθις
217 3077 266 3131 καλ
288 3097 316 3134 π,
336 3081 377 3131 Μ.
396 3075 474 3130 ΟΒΕ
511 3077 649 3131 nonnulla
671 3075 809 3132 excidisse
832 3079 861 3131 ολ
884 3077 973 3139 εὐθὺς
996 3077 1121 3131 scriben-

107 3149 174 3202 dum
197 3164 258 3203 esse
282 3164 304 3202 ο.
323 3145 467 3214 Kiessling
539 3155 572 3203 15
592 3143 706 3211 ἐπιστὰς
727 3149 779 3202 σύν
798 3164 821 3203 ο.
840 3147 944 3202 Reiske
1019 3155 1051 3203 17
1071 3150 1121 3203 ἀν-

106 3218 252 3289 τισχόντας
270 3234 293 3273 ο,
312 3217 416 3271 Reiske
432 3223 436 3285 Ι
450 3214 559 3284 έξωθεῑ
575 3235 597 3275 ο,
617 3219 721 3274 Reiske
737 3221 741 3286 Ι
757 3218 862 3289 ταχέως
881 3218 935 3273 del.
950 3217 1040 3273 Cobet
1054 3218 1120 3274 obs.

127 3333 133 3346 .
154 3297 204 3345 112
229 3295 233 3360 Ι
258 3287 362 3354 τάξεως
384 3289 487 3352 αύτούς
509 3289 559 3344 καὶ
582 3291 679 3345 διώκει
702 3286 748 3345 ἐπὶ
770 3290 842 3344 πολύ
866 3307 889 3343 ο,
909 3288 1014 3344 Reiske
1088 3296 1121 3346 18

106 3308 219 3427 660120
256 3355 307 3425 ἧκε
327 3359 449 3429 Sylburg
513 3367 545 3415 19
565 3359 728 3433 βοήθειαΟ
766 3361 900 3434 βοήθειαι
917 3359 1022 3416 Reiske
1087 3366 1120 3416 23

104 3430 299 3501 εἰςαγαγαγὼν
318 3429 340 3484 O
413 3430 581 3502 καταγαγὼν
601 3430 673 3486 Smit
691 3431 756 3486 obs.
775 3450 802 3501 p.
818 3437 852 3486 23
