2414 3840
104 182 168 247 198
530 185 696 234 -Ε-

102 341 146 431 ήν
180 348 410 429 [συμβαλεῖν
446 353 529 421 τοῖς
561 347 767 428 πολεμίοις
799 343 970 428 αὐτίκα],
1008 344 1055 421 ὡς
1086 343 1123 411 ἐν

104 452 209 536 άγοῗῖνι
237 460 372 541 φανερῷ
400 460 461 517 τοῦ
483 448 631 536 πολέμου
653 454 788 536 ταχείαν
810 450 944 530 ἕξοντος
966 452 1032 536 τήν
1052 456 1123 540 κρί-

103 576 174 646 σιν,
206 559 224 624 ὁ
254 556 291 624 δέ
319 570 387 624 τῶν
410 561 571 643 Σαβίνων
601 555 784 644 στρατηγὸς
811 558 975 644 ὀρρωδῶν
1004 558 1041 624 ἐκ
1062 569 1125 626 τοῦ

102 675 254 751 φανεροῦ
274 662 507 751 συμφέρεσθαι
524 667 606 751 πρὸς
627 665 806 749 εὐτολμίαν
824 688 859 731 τε
873 663 929 730 καλ
943 668 1124 754 καρτερίαν

79 789 92 829 ⁶
107 772 299 858 ἀνθρώπων
318 773 446 838 ἅπαντα
464 774 506 838 τδι
520 773 615 837 δεινά
628 770 808 856 ὑπομένειν
828 770 970 857 ἑτοίμων
989 774 1124 861 νύκτωρ

66 880 87 944 3
102 878 281 966 ἐπιχειρεῖν
303 880 417 958 αὐτοῖς
436 882 534 963 ἐγνω·
558 877 614 945 καὶ
632 880 970 964 παρασκευασάμενος
988 881 1145 969 τάφρουίλ

100 1009 136 1052 τε
158 989 258 1072 χώσει
276 985 331 1053 καί
354 987 498 1073 χάρακος
517 985 666 1070 ἐπιβάσει
685 985 705 1050 δ
723 989 903 1073 πρόσφορα
921 980 1011 1052 εἶναι
1031 990 1126 1072 ἐμελ-

101 1099 170 1178 λεν,
192 1094 432 1178 έπειδήπάντα
450 1092 583 1176 ἐγένετο
601 1094 641 1158 τδι
659 1093 743 1180 πρὸς
760 1094 820 1159 τὸν
839 1092 953 1176 ἀγῶνα
968 1092 1126 1181 εὐτρεπῆ,

101 1202 181 1285 μετδι
209 1202 269 1266 τδν
296 1211 430 1287 πρῶτον
455 1201 565 1265 ὕπνον
588 1199 775 1283 ἀναστήσας
796 1201 834 1266 τὸ
857 1201 1040 1285 κράτιστον
1063 1212 1126 1268 τοῦ

61 1321 88 1362 10
101 1316 245 1393 στρατοῦ
279 1307 379 1392 μέρος
410 1306 502 1385 άξειν
535 1304 588 1372 ἐπὶ
620 1308 657 1372 τὸ
689 1317 757 1372 τῶν
779 1306 951 1391 Ῥωμαίων
984 1311 1126 1393 ἔμελλεν

101 1417 219 1500 ἔρυμα,
241 1423 312 1490 τοῖς
334 1411 362 1478 τ’
386 1413 423 1479 έν
444 1416 575 1500 Φιδήνη
598 1415 979 1499 κατεστρατοπεδευκόσι
997 1419 1126 1502 παρήγ·

99 1524 222 1605 γειλεν,
237 1520 373 1586 ε’πειδάν
387 1519 630 1604 ἐξεληλυθότας
644 1525 831 1586 αἴσθωνται
843 1522 924 1598 τούς
937 1520 1126 1609 σφετέρους

99 1626 222 1706 ἐξιέναι
249 1625 305 1693 καὶ
329 1628 451 1705 αὐτοὺς
474 1626 510 1693 ἐκ
532 1636 590 1711 τῆς
612 1631 740 1705 πόλεως
761 1628 873 1714 κούφη
897 1626 1127 1714 ἐσταλμένους

100 1735 243 1801 ὁπλίσει·
285 1737 397 1800 ἔπειτα
434 1736 642 1819 λοχήσαντας
678 1734 716 1800 έν
752 1737 888 1820 χωρίοις
909 1733 1126 1826 ,ἐπιτηδείοις

60 1855 86 1896 15
100 1841 285 1927 ἐκέλευσεν,
308 1847 342 1906 εί
360 1865 448 1918 τινες
470 1840 642 1927 ἐπίκουροι
664 1851 735 1916 τοίς
757 1838 833 1928 περὶ
850 1826 1125 1930 τὸνθύαλέριον

100 1948 137 2014 ἐκ
164 1957 222 2032 τής
245 1946 358 2034 ἑτέρας
381 1956 536 2034 στρατιᾶς
558 1948 700 2033 ἐπίοιεν,
728 1947 935 2026 ἀναστάντας
957 1948 1016 2015 καὶ
1038 1953 1125 2018 κατὰ

99 2056 209 2121 νώτου
232 2053 435 2140 γενομένους
457 2058 522 2121 σὺν
545 2058 608 2141 βοή
630 2078 666 2120 τε
688 2053 744 2120 καὶ
767 2054 902 2143 πατάγφ
923 2062 1039 2146 πολλςό
1059 2084 1125 2144 χω-

64 2157 173 2248 4ρείν
200 2159 251 2228 ἐπ’
275 2163 406 2240 αὐτούς.
452 2162 470 2227 δ
498 2159 560 2247 μὲν
587 2163 628 2246 δή
653 2159 776 2241 Σέξτος
803 2171 906 2229 ταῦτα
934 2167 1124 2249 βουλευσά-

100 2294 200 2355 μενος
222 2267 278 2336 καλ
301 2280 371 2347 τοῖς
395 2274 550 2354 λοχαγοῖς
573 2269 721 2354 φράσας,
748 2269 862 2354 έπειδή
885 2270 1056 2351 κάκείνοις
1080 2269 1124 2358 ήν

59 2390 86 2430 2⁰
98 2375 327 2462 βουλομένοις,
351 2375 536 2464 περιέμεινε
558 2378 618 2442 τὸν
641 2378 773 2462 καιρόν·
805 2378 991 2462 αὐτόμολος
1015 2377 1057 2444 δέ
1072 2403 1124 2459 τις

99 2482 212 2549 έλθὼν
235 2486 283 2561 είς
304 2486 365 2550 τὸν
387 2484 515 2571 χάρακα
538 2494 606 2550 τῶν
624 2480 794 2569 Ῥωμαίων
817 2485 936 2568 μηνύει
959 2486 1024 2570 τὴν
1048 2488 1145 2554 διά-ν.

99 2613 197 2655 νοιαν
221 2591 325 2657 αὐτοῦ
347 2592 431 2677 πρὸς
453 2593 512 2657 τὸν
535 2591 679 2675 ὕπατον,
705 2589 762 2657 καὶ
785 2586 853 2676 μετ’
875 2591 917 2656 οὐ
939 2595 1029 2658 πολὺ
1051 2605 1123 2661 τῶν

100 2694 226 2762 ίππέων
249 2695 337 2774 τινὲς
359 2694 443 2781 ήκον
461 2701 599 2782 άγοντες
617 2698 845 2783 αἰχμαλώτους
862 2708 930 2763 των
944 2703 1122 2787 Σαβίνων,

100 2801 159 2879 οὓς
178 2801 231 2868 ἐπὶ
245 2802 406 2888 ξυλισμὸν
420 2804 659 2888 ἐξεληλυθότας
673 2803 869 2888 συνέλαβον.
907 2800 1003 2871 οὗτοι
1017 2807 1122 2895 χωρίς

58 2921 85 2964 25
99 2908 253 2992 ἀλλήλων
284 2909 557 2995 ἀνακρινόμενοι,
589 2915 626 2976 τί
648 2912 930 2998 παρασκευάζεται
958 2915 1121 3000 πράττειν

173 3109 185 3155 1
207 3096 250 3157 ἕυλ
273 3104 362 3174 ἀγῶνι
384 3120 407 3158 ο.
432 3101 521 3158 Cobet
539 3105 603 3160 Obs.
623 3123 651 3174 p.
668 3111 719 3160 100
744 3109 748 3173 Ι
773 3105 860 3160 verba
883 3107 1037 3179 συμβαλεῖν
1060 3114 1120 3173 τοῖς

98 3176 242 3245 πολεμίοις
270 3175 385 3242 αὐτίκα,
415 3191 488 3243 quae
512 3192 565 3231 om.
584 3175 699 3244 ΑΒΟα,
728 3176 792 3231 αδδ.
813 3175 916 3246 0ng
939 3181 1006 3247 post
1025 3182 1119 3250 κρίσιν

98 3264 125 3301 v.
145 3251 170 3314 2,
191 3247 257 3300 ante
277 3247 313 3308 ὡς
333 3241 363 3301 ἐν
383 3247 471 3316 ἀγῶνι
488 3247 585 3316 posuit
604 3247 729 3302 Sintenis
748 3247 809 3303 Em.
828 3247 910 3305 Dion.
929 3249 986 3306 Π8
1030 3258 1046 3306 0
1066 3251 1118 3321 τήν

99 3316 206 3371 add.B
288 3317 436 3372 δάπαντα
456 3318 581 3373 δεινδιΑ
662 3325 917 3391 6παρ.κευαοοίμε
936 3320 982 3375 Ba
1064 3321 1117 3378 Ὶδ

98 3403 152 3442 om.
172 3389 218 3442 Ba
291 3387 435 3459 8γένοιτο
454 3392 500 3444 Ba
574 3397 607 3445 10
627 3388 738 3461 ἔμελλεν
761 3392 856 3447 om.B
931 3399 965 3448 18
984 3391 1117 3466 βουλευό-

98 3477 182 3527 μενος
201 3460 223 3514 Ο
242 3463 356 3530 praeter
373 3462 396 3515 B
647 3477 651 3484 ·
