2414 3840
97 158 163 224 228
526 161 690 211 -Ε-

96 320 294 407 ὑπορύττων
317 342 352 385 τε
374 321 454 396 τοὺς
476 321 654 404 θεμελίους
676 330 745 384 τῶν
766 330 886 405 τειχῶν
904 318 961 386 καὶ
979 321 1121 406 χώματα

97 426 237 512 ἐγείρων
259 423 315 491 καὶ
338 426 487 511 μηχανάς
504 423 704 511 προσφέρων
723 425 779 490 καὶ
798 420 877 491 οὔθ’
894 425 1021 513 ἡμέρας
1039 428 1121 495 οὔτε

96 535 217 611 νυκτὸς
244 541 302 617 τῆς
328 533 522 617 πολιορκίας
545 531 768 616 ἀφιστάμενος
790 531 907 617 ὀλίγον
929 556 966 598 τε
990 537 1121 619 χρόνου.

95 642 178 706 κατά
206 641 324 725 κράτος
349 639 502 724 αἱρήσειν
524 639 593 722 τήν
608 641 708 703 πόλιν
731 638 987 724 ὑπολαμβάνων.
1036 638 1121 708 οὑδέ

70 749 160 833 εγδιρ
188 747 226 811 αί
244 747 402 811 Λατίνων
425 748 553 828 πόλεις,
582 735 634 820 αἷς
657 745 693 809 οί
717 745 898 829 Φιδηναῖοι
920 748 1043 830 μόναις
1063 768 1121 812 πι-

97 854 270 930 στεύοντες
290 852 463 918 ἀνείλοντο
482 853 542 916 τὸν
556 853 714 935 πόλεμον,
734 848 845 916 ἱκαναί
859 852 977 930 σώζειν
991 853 1114 930 αὑτοὺ,

63 961 146 1028 3ἔτι
173 957 241 1024 τότ’
263 955 358 1042 ἦσαν.
402 959 460 1041 μία
483 953 545 1041 μὲν
568 958 632 1043 γάρ
656 957 797 1041 οὐδεμία
818 960 914 1036 πόλις
936 957 1121 1046 ἀξιόχρεω1

96 1061 139 1149 ἦν
163 1064 346 1143 ἀπαλλάξαι
365 1072 423 1148 τῆς
440 1064 636 1149 πολιορκίας
654 1062 787 1147 αὐτούς,
810 1072 907 1150 κοινή
926 1062 958 1129 δ’
981 1064 1015 1144 ἐξ
1035 1065 1121 1134 ὅλο-

97 1181 158 1237 τοῦ
181 1173 307 1247 ἔθνους
330 1170 422 1235 οὑπω
448 1172 656 1254 συνειστήκει
679 1170 831 1255 δύναμις,
855 1169 938 1236 ἀλλά
956 1173 1121 1250 πολλάκι-.-

58 1298 84 1338 10
97 1275 377 1362 πρεσβευομένοις
400 1276 513 1353 αὐτοῖς
530 1277 590 1353 τάς
606 1275 708 1353 αὐτάς
726 1275 884 1343 ἐδίδοσαν
904 1279 939 1344 οί
955 1294 1121 1364 προεστς

97 1380 189 1458 κότες
216 1392 284 1446 τών
311 1385 442 1448 πόλεων
466 1381 671 1468 ἀποκρίσεις,
702 1382 747 1460 ώς
770 1382 975 1469 ἀφιξομένης
997 1387 1121 1470 σφίσε

98 1488 289 1573 ἐπικουρίας
327 1487 364 1554 ἐν
396 1489 502 1573 τάχει·
548 1490 647 1574 ἔργον
680 1485 713 1555 δ’
749 1487 852 1556 οὐδὲν
883 1489 1013 1575 ἐγίνετο
1045 1503 1121 1558 τοῦ

97 1593 317 1680 ὑποσχέσεσιν
348 1594 484 1679 όμοιον,
519 1593 602 1660 ἀλλά
631 1593 726 1682 μέχρι
753 1598 864 1681 λόγων
891 1597 930 1662 αί
954 1596 1034 1684 περὶ
1059 1605 1121 1677 v?

61 1703 285 1787 4συμμαχίας
318 1699 449 1778 ἐλπίδες
480 1700 639 1786 ἐχώρουν.
686 1702 727 1767 οὐ
758 1702 826 1787 μήν
857 1704 1053 1770 παντάπασί
1076 1727 1121 1788 μ

58 1828 84 1870 15
97 1810 138 1874 τά
173 1810 264 1894 παρὰ
297 1818 365 1874 τῶν
397 1810 555 1874 Λατίνων
588 1807 823 1891 ἀπεγνώκεσαν
855 1810 891 1874 οί
923 1811 1121 1895 Φιδήναῑω

98 1915 181 1980 ἀλλά
209 1913 445 2001 διεκαρτέρουν
473 1912 527 1980 ἐπὶ
554 1925 626 1993 ταῖς
653 1914 784 1981 ἐκεόδεν
812 1915 921 1983 ἐλπίσι
944 1918 1054 1983 πάντα
1074 1935 1121 1983 1:

98 2022 193 2087 δεινά
215 2020 447 2108 ὑπομένοντες.
484 2017 528 2105 ἦν
551 2019 582 2086 δ’
605 2017 689 2107 ὑπὲρ
708 2022 817 2087 πάντα
835 2022 854 2090 δ
873 2023 969 2108 λιμὸς
987 2024 1121 2109 ἀμαχα-

97 2136 231 2213 πρᾶγμα
253 2126 309 2195 καὶ
331 2129 439 2194 πολὺν
463 2122 562 2204 οὗτος
584 2125 740 2212 ἐποίησεν
758 2127 952 2214 ἀνθρώπων
970 2133 1121 2216 φθόργ

98 2235 144 2312 ώς
172 2232 204 2300 δ’
226 2235 447 2321 ἀπειρήκεσαν
475 2236 539 2318 ήδή
562 2243 633 2312 τοῖς
654 2245 782 2318 κακοῖς,
810 2237 1017 2322 πρεσβευτάς
1041 2235 1116 2303 ἀπ,

58 2361 85 2401 νο
98 2346 233 2407 στειλαν
257 2342 302 2420 ὑς
323 2342 384 2407 τὸν
406 2341 537 2406 ὑπατον
560 2339 682 2425 ἀνοχάς
704 2341 874 2420 αίτοὺντες
897 2343 945 2419 είς
962 2364 1105 2429 τεταγμ-

97 2472 160 2513 νον
182 2451 259 2514 τινά
282 2448 417 2533 ἡμερῶν
440 2445 589 2532 ἀριθμὸν
608 2446 652 2523 ὡς
672 2446 708 2512 ἐν
726 2448 834 2535 τούτῳ
852 2450 1121 2534 βουλευσόμεν-

97 2562 142 2642 τώ
177 2557 288 2642 χρόνῳ
320 2551 395 2638 περὶ
422 2560 481 2636 τῆς
506 2552 590 2637 πρὸς
611 2547 792 2637 Ῥωμαίους
819 2555 948 2637 φιλίας,
982 2549 1038 2639 ἐφ’
1067 2579 1121 2621 ο·

63 2659 206 2743 ὑαύτήν
237 2663 433 2745 ποιήσονται
463 2659 613 2734 δικαίοις.
657 2653 700 2742 ήν
729 2653 762 2723 δ’
795 2659 837 2725 οὐ
864 2663 991 2746 βουλῆς
1018 2662 1121 2747 χάρ-

5 2831 7 2834 .
99 2765 298 2849 αἰτούμενος
315 2758 374 2830 ὑπ’
392 2764 502 2830 αὐτῶν
521 2763 540 2830 ὑ
559 2766 694 2850 χρόνος,
718 2764 801 2830 ἀλλά
817 2776 1032 2853 παρασκευῆς
1048 2774 1121 2834 vot

58 2890 84 2932 νε
98 2872 292 2957 συμμάχων,
312 2872 357 2949 ώς
375 2869 548 2955 ἐδήλωσαν
565 2879 634 2936 τῶν
652 2870 849 2956 αὐτομόλων
866 2869 956 2950 τινὲς
976 2876 1121 2961 ἐναγχι

100 2977 287 3064 ἀφιγμένοι.
333 2986 373 3062 τῇ
405 2979 468 3062 γάρ
501 2979 693 3063 ἔμπροσθεν
725 2976 821 3044 νυκτὶ
849 2982 928 3057 τοὺς
958 2979 1121 3066 ἐπιφανἈ

171 3205 347 3278 όμόναιςΒ
384 3202 504 3274 μόλιςΒ
586 3202 734 3268 δίκαναῖς
753 3207 799 3260 Ba
881 3205 979 3263 λτότε
997 3202 1070 3277 ἦσαν
1111 3241 1121 3250 -

100 3276 141 3334 ἔτι
164 3271 237 3346 ἦσαν
261 3277 308 3330 Bb
344 3279 489 3346 τετείήσαν
508 3277 555 3330 Ba
579 3277 584 3347 l
610 3277 729 3347 οὐδεμία
751 3274 802 3347 μὲν
826 3278 879 3348 γάρ
902 3276 983 3351 πόλις
1000 3280 1027 3333 Α
1062 3279 1121 3349 μί

99 3348 223 3420 μὲνγὰρ
243 3349 361 3417 οὐδεμία
378 3346 498 3411 πόλιςΒ
554 3355 586 3404 17
607 3350 672 3402 ante
692 3347 802 3418 άμαχον
820 3365 891 3404 eras,
911 3349 1027 3420 αμονΒ
1083 3349 1121 3401 2⁴

100 3418 262 3487 αἰτήσοντες
280 3436 302 3476 ο,
324 3418 425 3476 Garrer
444 3420 509 3475 Obs.
528 3436 555 3488 p.
571 3424 605 3474 55
