2414 3840
182 195 228 281 ,46
613 154 833 247 -Δ-’

185 356 325 441 ἀπάτας,
357 358 419 423 ούκ
446 357 583 441 ἀληθείς
610 358 687 440 βίου
716 354 771 422 καὶ
798 356 1000 442 πραγμάτων
1028 356 1202 442 ὠφελείας,

186 463 219 542 ἐξ
245 459 293 528 ὧν
317 448 519 549 μακαρισμοὶ
538 472 608 541 τοῖς
626 460 968 548 κατασκευασαμένοις
985 463 1201 547 ἠκολούθουν

185 573 302 655 μόνον,
326 569 464 635 ἐπαίνου
489 566 526 635 δὲ
548 567 604 634 καὶ
623 572 721 654 ζήλου
740 567 815 647 ἀξια
833 571 873 634 τά
891 578 949 653 τής
966 570 1101 653 γνώμης
1119 573 1201 657 ἔργα

183 675 375 760 ὑπολαβών,
398 672 437 760 ής
454 678 607 742 πλεῖστοί
621 671 652 740 τ’
675 675 881 741 ἀπολαύουσι
900 673 955 740 καὶ
972 674 1026 740 ἐπὶ
1039 679 1200 760 μήκιστον

152 804 166 844 ε
183 784 308 866 χρόνον
326 791 532 868 καρποῦνται
550 784 608 860 τάς
627 783 802 867 ἀφελείας,
823 781 958 847 πάντων
977 784 1118 867 μάλιστα
1132 795 1200 851 τῶν

183 889 345 953 τοιούτων
373 892 481 974 ἔργων
508 891 570 974 τήν
596 884 837 974 Ἀμφικτύονος
863 898 924 954 τοῦ
942 887 1104 973 Ἕλληνος
1131 892 1201 956 ἐπί.

183 1018 281 1060 νοιαν
304 995 454 1080 ήγάσθη,
486 996 522 1074 ὃς
545 992 687 1074 ἀσθενὲς
710 996 799 1082 δρῶν
820 993 876 1060 καί
900 993 1020 1084 ῥᾴδιον
1043 997 1108 1062 ὑπὸ
1131 1009 1200 1063 τῶν

182 1103 445 1189 περιοικούντων
468 1104 649 1189 βαρβάρων
672 1102 925 1187 ἐξαναλωθῆναι
947 1104 984 1167 τὸ
1003 1098 1200 1187 Ἑλληνικὸν

182 1205 295 1291 γένος,
324 1211 371 1286 είς
397 1211 459 1294 τήν
488 1204 537 1275 ἐπ’
562 1209 693 1276 ἐκείνου
716 1215 899 1293 κληθεῖσαν
919 1204 1200 1293 Ἀμφικτυονικήν

149 1337 174 1376 ιο
184 1317 332 1382 σύνοδον
355 1314 410 1381 καὶ
432 1318 622 1401 πανήγυριν
646 1316 727 1381 αὐτὸ
752 1320 931 1401 συνήγαγε,
954 1320 1080 1401 νόμους
1101 1340 1200 1382 κατα-

183 1423 388 1508 στησάμενος
412 1422 473 1501 ἔξω
496 1433 564 1489 τῶν
584 1425 690 1505 ἰδίων,
715 1418 763 1489 ὧν
778 1421 896 1507 ἑκάστη
912 1426 1007 1500 πόλις
1021 1419 1097 1507 εἶχε,
1120 1427 1201 1500 τοὺς

182 1532 318 1606 κοινοὺς
340 1531 473 1613 ἀπασιν,
498 1529 557 1607 οὓς
578 1534 739 1596 καλοῦσιν
757 1528 1069 1615 Ἀμφικτυονικούς,
1094 1529 1126 1609 ἐξ
1151 1526 1201 1596 ὧν

183 1639 277 1720 φίλοι
305 1635 366 1721 μὲν
394 1638 488 1714 ὄντες
515 1635 671 1720 ἀλλήλοις
698 1634 868 1702 διετέλουν
895 1634 951 1701 καὶ
977 1638 1014 1701 τὸ
1038 1634 1201 1720 συγγενὲς

183 1744 406 1827 φυλάττοντες
428 1748 555 1828 μᾶλλον
578 1746 688 1828 ἔργοις
710 1742 731 1827 ή
755 1746 877 1827 λύγοις,
901 1741 1045 1829 λυπηροὶ
1069 1740 1106 1809 δὲ
1128 1753 1201 1822 τοϊς

146 1817 363 1944 ὲβαρβάροις
394 1847 450 1914 καὶ
478 1851 626 1935 φοβεροί.
667 1847 745 1935 παρ’
772 1845 813 1914 οὗ
840 1851 878 1914 τὸ
905 1850 1114 1936 παράδειγμα
1141 1856 1200 1916 λα-

182 1958 298 2039 βόντες
315 1954 431 2033 Ἴωνές
460 1951 496 2020 θ’
523 1957 559 2021 οί
584 1954 801 2041 μεταθέμενοι
828 1957 890 2040 τήν
919 1961 1050 2040 οἴκησιν
1078 1956 1114 2022 ἐκ
1140 1967 1199 2042 τῆς

182 2061 347 2146 Εὐρώπης
370 2063 417 2139 είς
439 2063 479 2127 τά
497 2063 748 2149 παραθαλάττια
766 2072 824 2146 τής
837 2065 966 2147 Καρίας
983 2061 1039 2128 καὶ
1053 2069 1201 2148 Δωριεῖς

183 2169 218 2234 οί
247 2167 323 2256 περὶ
356 2170 432 2245 τοὺς
464 2169 587 2246 αὐτοὺς
613 2172 735 2246 τόπους
761 2171 819 2246 τὰς
845 2172 957 2246 πόλεις
980 2171 1201 2255 ἱδρυσάμενοι

183 2276 255 2360 ίερδι
285 2275 530 2341 κατεσκεύασαν
562 2275 626 2342 ἀπὸ
655 2286 779 2341 κοινῶν
806 2275 1045 2360 ἀναλωμάτων·
1081 2275 1200 2354 Ἴωνες

146 2402 172 2442 20
182 2378 244 2466 μὲν
276 2381 313 2447 ἐν
342 2379 470 2469 Ἐφέσῳ
502 2384 540 2447 τὸ
572 2391 630 2466 τής
662 2377 864 2469 Ἀρτέμιδος,
897 2388 1042 2468 Λωριείς
1074 2380 1107 2448 δ’
1144 2382 1198 2450 ἐπὶ

186 2491 332 2576 Τριοπίῳ
354 2489 393 2552 τὸ
416 2497 477 2553 τοῦ
496 2485 717 2566 Ἀπόλλωνος·
742 2491 827 2554 ἔνθα
850 2492 1022 2566 συνιόντες
1041 2489 1199 2573 γυναιξὶν

255 2687 269 2734 1
290 2678 331 2743 είς
349 2681 426 2752 βίους
445 2679 468 2734 Ο
506 2681 557 2735 ούκ
580 2682 697 2750 ἀληθεῖς
720 2682 783 2753 βίον
802 2680 851 2735 καὶ
869 2680 1039 2752 πραγμάτων
1059 2683 1199 2753 ὠφελείας

182 2750 228 2807 vel
247 2752 299 2805 ούκ
319 2749 358 2814 είς
377 2752 440 2824 βίον
458 2750 508 2805 καλ
525 2749 697 2821 πραγμάτων
716 2753 883 2822 διαχείρισιν
902 2753 1039 2822 ὠφελείας
1053 2771 1076 2809 ο.
1091 2754 1197 2809 Reiske

181 2821 292 2886 ἀπάτας
319 2822 369 2877 καλ
394 2824 445 2878 ούκ
469 2820 509 2885 είς
532 2823 610 2894 βίους
633 2822 683 2877 καλ
705 2819 848 2893 πράγματ’
865 2824 1002 2893 ὠφελείας
1025 2841 1048 2878 ο.
1069 2825 1196 2879 Schmitz

181 2913 207 2965 p.
229 2900 261 2948 22
300 2895 351 2948 ούκ
371 2892 552 2964 είςφερούσας
567 2894 629 2965 βίον
643 2893 692 2948 καὶ
706 2893 877 2965 πραγμάτων
892 2897 1028 2964 ὠφελείας
1042 2912 1066 2950 ο,
1080 2896 1198 2951 Fischer

180 2983 207 3034 p.
224 2972 256 3019 12
295 2963 334 3028 είς
353 2966 416 3038 βίον
434 2962 483 3019 καὶ
501 2963 672 3034 πραγμάτων
691 2966 828 3035 ὠφελείας
846 2983 869 3021 c.
889 2965 1050 3036 Stephanus
1110 2975 1126 3021 3
1167 2967 1196 3023 ό-

144 3132 146 3136 ,
180 3036 252 3162 ρονήί
264 3033 361 3162 μόνριὲς
379 3034 566 3161 οὗὸήίἱρεεύφέ
581 3040 585 3105 Ι
603 3032 817 3176 ἔπαρροιύδὲζήή
831 3036 898 3163 Bae*
914 3033 1032 3174 ἒφξαίνοου
1049 2989 1195 3163 δὲοήὲδ

180 3128 359 3248 ἠάἀλδύδονν
372 3128 470 3247 0μόνον
488 3127 634 3232 'hamt
650 3129 732 3246 ζήλύυ
743 3150 782 3234 ’δὲ
803 3129 869 3246 ι’ίὲία
889 3129 911 3235 δ.
922 3129 1069 3234 {gader
1088 3126 1135 3246 θάξ
1145 3128 1195 3236 Πύά

181 3248 351 3321 μακαρισμοὶ
369 3247 420 3318 μὲν
432 3281 464 3288 -
475 3248 655 3318 ἠκολούθουν
675 3249 787 3305 ἔπαινοι
801 3249 829 3305 δ’
847 3251 879 3305 ού
899 3268 922 3305 ο.
938 3250 1026 3306 Cobet
1041 3251 1106 3307 Obs.
1121 3270 1148 3321 p.
1160 3258 1193 3307 81

181 3317 300 3376 ἐπαίνου
319 3317 351 3374 δὲ
370 3320 418 3375 καὶ
437 3319 519 3386 ζήλου
538 3322 624 3390 vulgo
688 3327 705 3374 4
723 3317 768 3390 ής]
787 3317 826 3377 ὧν
846 3338 868 3376 c.
888 3322 991 3376 Reiske
1055 3327 1071 3376 ὅ
1090 3321 1195 3393 χρόνον

180 3392 202 3445 Β
267 3398 301 3446 14
320 3395 424 3461 μᾶλλον
444 3389 534 3461 ἔργοις
553 3391 575 3446 Ο
594 3396 706 3461 praeter
724 3393 771 3446 Bb
834 3400 865 3447 17
885 3392 1104 3464 παραθαλάττια
1124 3393 1193 3465 μέρη

169 3461 195 3510 O
206 3464 330 3527 praeter
344 3462 372 3514 B
445 3471 480 3519 20
499 3459 547 3519 ἐπὶ
565 3465 669 3538 τροπίφ
687 3464 713 3518 Α
