2400 3848
482 180 647 229 -Ε-
1008 174 1074 241 253

95 339 295 404 δεσπισάντων
318 345 421 423 θεῶν,
444 340 566 416 ταύτας
587 340 688 405 πάλιν
707 339 882 423 ἐμπεδοῦν.
919 336 993 421 ἐμοὶ
1014 335 1112 422 μὲν4

96 441 124 524 δὴ
146 447 224 531 παρά
255 456 324 511 τῶν
352 441 521 531 Ἑλλήνων
553 447 691 512 δοκοῦσι
718 442 873 530 Ῥωμαῖοι
904 445 942 509 τὸ
972 444 1076 528 παρά-

96 546 183 634 δειγμα
202 554 329 635 λαβεῖν,
354 552 464 634 ὥσπερ
488 554 586 636 ἔφην,
609 555 784 629 Λικίννιος
808 549 845 617 δέ
863 549 940 637 παρ’
959 548 1076 634 Ἀλβα-

95 663 144 718 νίν
164 663 263 723 οίεται
289 659 351 723 τὸν
378 659 556 740 δικτάτορα
573 654 754 743 Ῥωμαίους
781 656 969 742 εἰληφέναι,
1000 657 1077 722 τού-

94 777 150 836 τους
166 763 271 847 λέγων
293 765 447 850 πρώτους
464 766 545 850 μετὰ
563 765 622 830 τὸν
638 761 794 849 Ἀμολίου
812 762 868 830 καὶ
886 762 1076 849 Νεμέτορος
1091 789 1103 830 5

94 863 213 934 θάνατον
240 869 440 954 ἐκλιπούσης
466 880 524 954 τῆς
551 874 722 955 βασιλικῆς
750 873 944 954 συγγενείας
967 870 1077 935 ἐνιαυ-

95 971 163 1050 σίους
182 976 344 1062 άρχοντας
366 975 538 1055 ἀποδεῖξαι
559 977 621 1060 την
645 977 749 1061 αὐτὴν
769 979 904 1062 ἐχοντας
923 975 1078 1054 ἐξουσίαν

94 1085 143 1152 ῑθῑό
160 1083 340 1166 βασιλεῦσι,
362 1088 476 1149 καλεῖν
495 1081 525 1148 δ’
540 1083 662 1160 αὐτοὺς
682 1084 888 1168 δικτάτορας·
911 1083 975 1167 ἐγὼ
991 1079 1022 1146 δ’
1036 1080 1077 1145 ού

93 1180 210 1271 τοῦνομα
226 1192 335 1272 ζητεῖν
352 1189 481 1272 ἠξίουν,
503 1191 612 1255 πύθευ
625 1186 825 1273 ηῬωμαίων
839 1192 935 1267 πόλις
949 1191 1077 1272 ἔλαβεν,

93 1279 154 1355 ἀλλὰ
175 1295 210 1360 τὸ
238 1303 297 1378 τῆς
324 1293 477 1373 ἐξουσίας
501 1304 559 1380 της
581 1295 911 1381 περιλαμβανομένης
933 1303 978 1384 τῷ
1003 1295 1077 1360 ὀνό-
1093 1321 1119 1361 10

32 1391 148 1467 102ῗύῖτι
173 1401 389 1487 παράδειγμα.
436 1398 508 1467 ἀλλ’
537 1399 621 1488 ὑπὲρ
654 1400 715 1486 μὲν
744 1404 874 1468 τούτων
902 1400 1009 1468 οὐδὲν
1036 1401 1079 1466 άν

15 1588 17 1595 Ι
89 1497 127 1580 δίη
144 1506 218 1591 τάχα
241 1507 415 1594 προύργου
438 1510 479 1573 τά
500 1511 603 1574 πλείω
626 1509 778 1595 γράφειν.

138 1609 261 1680 LXXV.
285 1610 347 1679 Ὃν
380 1610 418 1680 δὲ
448 1617 574 1698 τρόπον
601 1615 619 1680 δ
648 1615 794 1699 Λάρκιος
821 1613 982 1698 ἐχρήσατο
1010 1624 1080 1691 τοῖς

82 1715 233 1802 πράγμασι
264 1720 425 1805 δικτάτωρ
457 1731 587 1806 πρῶτος
618 1716 830 1804 ἀποδειχθεὶς
859 1718 914 1784 καὶ
941 1723 1079 1805 κόσμον,

78 1807 144 1886 οἶον
163 1825 341 1911 περιέθηκε
363 1836 403 1911 τη
427 1827 527 1913 άρχη,
550 1829 724 1909 συντόμως
741 1826 939 1911 πειράσομαι
959 1825 1079 1903 διεξελ-
1094 1849 1120 1890 ιτ

74 1919 156 2013 θεῖν,
173 1942 277 1998 ταῦτα
295 1931 482 2018 ἡγούμενος
500 1927 587 1998 εἶναι
602 1933 833 2018 χρησιμώτατα
847 1942 916 2008 τοῖς
930 1931 1080 2014 ἀναγνω-

67 2035 231 2122 θομένοις,
256 2038 278 2103 ά
300 2039 428 2122 πολλὴν
451 2039 612 2124 εὐπορίαν
635 2037 768 2124 παρέξει
790 2043 902 2104 καλῶν
924 2035 980 2102 καὶ
998 2055 1080 2122 συμ-

66 2147 241 2228 Ψερόντων
254 2146 532 2230 παραδειγμάτων
546 2144 747 2230 νομοθέταις
761 2142 859 2211 τεκαὶ
869 2145 1081 2229 δημαγωγοῖς

56 2245 125 2313 διαί
153 2261 223 2327 τοῖς
255 2252 368 2328 ἄλλοις
399 2252 502 2316 ἅπασι
533 2261 603 2328 τοῖς
632 2253 872 2317 πολιτεύεσθαί
896 2275 931 2316 τε
958 2247 1013 2315 καὶ
1040 2253 1081 2315 τά

56 2357 163 2420 3τοινά
189 2357 345 2443 πράττειν
371 2357 598 2442 βουλομένοις.
645 2358 686 2424 ού
714 2360 778 2445 γάρ
804 2358 925 2443 άζηλου
948 2355 1003 2422 καὶ
1025 2381 1081 2422 τα-
1095 2379 1122 2419 ω

56 2470 181 2546 ἤειυης
202 2466 330 2540 πόλεως
352 2465 575 2550 πολιτεύματα
597 2463 653 2529 καὶ
676 2467 771 2548 βίους
794 2460 875 2529 οὐδὲ
894 2463 1082 2549 ἀνωνύμων

55 2564 123 2632 διαί
144 2568 399 2655 ἀπερριμμένων
423 2571 614 2656 ἀνθρώπων
637 2572 848 2655 βουλεύματα
870 2566 926 2635 καὶ
948 2570 1083 2656 πράξεις

65 2673 175 2756 μέλλω
199 2677 401 2760 διηγεῖσθαι,
425 2677 510 2742 ὥστε
533 2679 634 2762 όχλον
656 2678 700 2741 άν
721 2700 789 2742 τινι
833 2673 889 2741 καὶ
912 2680 1083 2764 φλυαρίαν

15 2765 217 2865 ξφανῆναι
239 2784 301 2867 τὴν
323 2779 399 2868 περὶ
419 2784 460 2848 τὰ
478 2784 579 2868 μικρά
596 2781 652 2848 καὶ
670 2788 784 2868 φαῦλα
801 2783 896 2867 ἡμῶν
915 2785 1082 2870 σπουδήν·

71 2884 140 2953 ἀλλ’
166 2885 251 2974 ὑπὲρ
282 2897 341 2971 τῆς
372 2889 475 2955 άπασι
507 2890 548 2954 τά
574 2889 659 2954 καλδι
685 2886 741 2953 καί
769 2890 880 2953 δίκαια
907 2888 1081 2975 ὁριζούσης
1095 2909 1122 2950 ει

71 2997 193 3072 πόλεως
215 2993 271 3060 καὶ
293 2993 370 3081 περὶ
389 3006 457 3061 τῶν
475 2997 522 3072 είς
540 3004 639 3061 τοῦτο
657 2993 958 3079 καταστησαμένων
978 2998 1083 3080 αὐτὴν

71 3100 106 3164 τὸ
127 3099 255 3186 ἀξίωμα
277 3101 462 3185 ἡγεμόνων,
486 3102 508 3166 ά
529 3104 579 3177 τις
602 3100 644 3167 άν
663 3103 864 3167 σπουδάσειε
882 3102 926 3185 μὴ
946 3102 1082 3187 άγνοεῖν

138 3228 155 3276 3
174 3223 301 3284 Λικίνιος
323 3221 376 3274 ΑΒ
457 3229 473 3277 5
492 3223 631 3294 πρώτους]
654 3222 724 3292 πρὸς
742 3223 808 3286 τούς
825 3222 848 3275 Β
930 3227 963 3275 11
982 3221 1082 3275 τούτου

74 3290 265 3361 OpraeterB
322 3299 354 3347 19
373 3313 403 3348 τε
422 3294 519 3347 om.B
573 3300 607 3348 23
626 3293 776 3349 τινλΑΒί)
813 3290 1080 3359 τινελΒοΙύχλον]

73 3366 154 3433 ληρον
172 3364 218 3418 vel
235 3363 327 3419 ύθλον
346 3381 369 3418 ο.
388 3363 517 3419 Hertlein
534 3365 651 3420 Hermes
670 3366 696 3419 X
714 3383 741 3434 p.
761 3370 814 3418 414
877 3368 911 3416 27
931 3360 950 3413 ἅ
969 3380 1010 3423 τις
1029 3361 1082 3413 οὐκ

75 3430 107 3487 διν
126 3434 293 3490 σπουδάσειε
313 3450 335 3491 ο.
355 3434 460 3489 Reiske
