2414 3840
405 188 660 299 .-5-
1023 189 1086 255 381

72 349 246 431 δεθέντες,
274 348 309 413 οί
334 343 371 412 δέ
398 346 530 431 πέδαις,
558 349 593 413 οί
619 346 650 413 δ’
679 349 801 519 ίόσπερἰ
815 330 856 414 τά
877 350 1089 435 χαλεπώτατα

70 467 142 522 τῶν
174 457 306 540 θηρίων
335 459 460 530 κλοιοῖς
487 452 543 518 καλ
571 455 719 541 μύδροις.
765 457 873 533 αἰκίας
900 453 986 522 δέδ
965 455 1124 540 δηκαὶ3

71 562 368 650 προπηλακισμοὺς
399 558 454 624 καὶ
484 560 644 645 μάστιγας
671 559 726 626 καὶ
752 565 878 639 πόνους
906 563 943 629 ἐκ
969 564 1090 640 νυκτὸς

73 671 123 746 είς
153 669 258 734 νύκτα
289 664 345 730 καλ
375 675 485 730 πᾶσαν
513 667 618 750 άλλην
646 666 798 752 ὠμότητα
824 666 879 733 καὶ
906 669 1007 755 ὑβριν
1033 666 1090 734 καλ

72 775 322 859 ὑπερηφανίαν,
344 772 387 856 ἣν
409 772 643 858 ὑπεμείναμεν,
666 773 717 838 ἐῶ.
761 776 931 840 τοσούτων
954 771 1017 841 οὑν
1034 773 1116 840 καλε

72 880 280 964 τηλικούτων
313 878 559 962 ἀπηλλαγμένοι
591 889 702 944 κακῶν
733 880 798 945 ὑπὸ
830 890 891 946 τοῦ
920 883 1090 965 δαίμονος,

74 987 137 1068 ὅση
171 986 301 1068 σπουδὴ
333 982 389 1049 καλ
422 985 563 1068 δύναμις
595 983 719 1073 ἑκάστῳ
748 987 885 1072 πάρεστι
912 988 1090 1072 φεύγωμεν

75 1087 133 1156 ἀπ’
160 1090 271 1156 αὐτῶν
302 1092 440 1174 άσμενοι
467 1091 571 1175 τύχην
600 1089 656 1155 καὶ
682 1093 766 1157 θεὸν
794 1093 888 1180 οἵπερ
916 1092 1001 1178 ημᾶς
1028 1095 1090 1158 σύ-

76 1201 192 1276 ζουσιν
215 1196 379 1282 ηγεμόνας
400 1205 459 1280 της
482 1195 565 1262 ὁδοῦ
583 1200 823 1283 ποιησάμενοι,
835 1201 979 1285 πατρίδα
997 1202 1091 1283 νομί-

76 1308 188 1383 ζοντες
210 1304 272 1387 τὴν
295 1303 492 1389 ἐλευθερίαν
514 1301 570 1368 καὶ
593 1308 740 1369 πλοῦτον
757 1305 820 1388 την
839 1305 968 1391 ἀρετήν.
1002 1314 1091 1371 πᾶσα
1106 1326 1132 1366 10

74 1411 140 1495 γάρ
168 1409 253 1494 ἡμᾶς
280 1406 475 1488 ὑποδέξεται
500 1417 544 1492 γῆ
568 1411 768 1493 κοινωνούς,
795 1412 836 1476 τά
859 1408 920 1495 μὲν
943 1410 1092 1488 ἀλύπους

75 1514 256 1601 ἐσομένους
278 1526 348 1592 τοῖς
370 1513 641 1600 ὑποδεξαμένοις,
663 1517 703 1581 τά
727 1511 759 1580 δ’
781 1515 979 1601 ὠφελίμους.

143 1621 272 1686 LXXX.
296 1623 557 1707 Παραδείγματα
576 1619 613 1686 δέ
631 1621 760 1686 τούτων
779 1620 997 1705 γενέσθωσαν
1011 1621 1091 1706 ἡμῖν

75 1730 200 1794 πολλοί
218 1751 253 1792 τε
269 1725 428 1809 Ἕλληνες
450 1730 572 1792 πολλοί
591 1749 626 1792 τε
645 1727 819 1813 βάρβαροι,
843 1727 984 1812 μάλιστα
1004 1725 1036 1791 δ’
1060 1729 1096 1792 ολ

10 1836 207 1902 [223τούτων
228 1856 264 1899 τε
282 1831 338 1899 καὶ
356 1833 450 1918 ἡμῶν
469 1837 642 1920 πρόγονοι·
666 1827 715 1898 ὧν
734 1833 770 1898 οἱ
786 1828 846 1917 μὲν
864 1830 933 1918 μετ’
952 1834 1092 1898 Αἰνείου
1107 1854 1132 1896 ιε

77 1940 344 2018 συναναστάντες
372 1939 408 2006 ἐκ
434 1949 492 2024 τῆς
510 1938 621 2017 Ἀσίας
648 1942 695 2017 είς
717 1941 779 2024 την
802 1940 971 2026 Εὐρώπην
994 1939 1031 2005 ἐν
1053 1948 1093 2024 τῇ

76 2049 236 2114 Λατίνων
262 2055 304 2136 γῇ
333 2050 432 2113 πόλιν
458 2044 600 2134 ςόκισαν,
631 2048 666 2112 οί
691 2043 724 2110 δ’
750 2047 894 2132 ὕστερον
922 2045 955 2124 ἐξ
971 2045 1094 2129 Ἄλβας

78 2154 281 2229 ἀναστάντες
299 2148 470 2236 Ρωμύλου
492 2152 595 2235 τῆν’
577 2155 733 2217 αποικίαν
756 2153 898 2235 άγοντος
920 2151 957 2217 ἐν
980 2152 1094 2216 τοισδε

76 2269 149 2353 τοῖς
179 2262 294 2335 τόποις
326 2259 506 2341 ἱδρύσαντο
538 2258 648 2341 την
631 2256 691 2341 υφ’
724 2257 819 2344 ἡμῶν
847 2256 1130 2409 ἐκλειπομένην.2

75 2365 218 2451 ὑπάρχει
240 2388 276 2430 τε
298 2364 379 2449 ἡμῖν
404 2365 545 2448 δύναμις
568 2363 630 2429 οὐκ
648 2363 705 2429 ὀλί
690 2366 750 2452 ίγφ
769 2367 893 2429 πλείων
912 2368 1017 2447 μόνον
1035 2345 1130 2446 τῆς2
1109 2419 1135 2459 ,ο

77 2473 219 2548 ἐκείνοις
240 2469 433 2556 γενομένης,
457 2471 541 2536 ἀλλά
563 2469 619 2535 καὶ
639 2475 827 2556 τριπλασία,
850 2468 906 2535 καὶ
926 2474 1095 2555 πρόφασις

78 2577 268 2663 δικαιοτέρα
297 2587 355 2662 τῆς
383 2578 663 2662 μεταναστάσεως.
710 2577 745 2642 οί
772 2575 833 2662 μέν
868 2600 906 2660 γε
934 2576 967 2655 ἐξ
993 2574 1095 2643 Ἰλίου

77 2684 339 2770 μεταναστάντες
369 2683 435 2749 ὑπὸ
466 2689 635 2767 πολεμίων
667 2681 904 2766 ἐξηλαύνοντο,
937 2682 1032 2767 ημεϊς
1059 2679 1091 2748 δ’

78 2791 229 2856 αὐτόθεν
255 2789 321 2854 ὑπὸ
350 2791 472 2871 φίλων·
505 2788 729 2874 ἐλεεινότερον
757 2783 796 2852 δὲ
819 2789 929 2872 δήπου
952 2790 989 2854 τὸ
1012 2790 1096 2876 πρὸς

153 3013 265 3071 ἰδὲ
284 3015 386 3079 πεδαις
404 3033 459 3071 om
477 3016 503 3068 Α
539 3014 736 3072 οίδμὲπαιδ
760 3015 806 3069 Ba
864 3014 1023 3089 4<είς>Β
1079 3022 1095 3070 5

79 3084 132 3144 οὑν
147 3087 246 3142 .om.B
319 3093 448 3158 8τυχειν
466 3087 512 3140 Ba
580 3085 781 3157 θήγεμόναΟ
817 3085 957 3157 ἡγεμόνας
976 3087 1077 3155 Sylbur

81 3165 114 3214 12
139 3157 188 3212 καλ
211 3159 334 3229 ὠφελίμη
336 3176 412 3222 vec.
431 3157 576 3228 Kiessling
667 3165 700 3213 14
718 3162 843 3213 πλεῖστοι
866 3177 895 3213 τε
916 3104 1098 3282 ἓάρβαροιὺ

81 3235 115 3285 15
134 3227 232 3284 Αἰνεία
250 3229 297 3284 Ba
382 3237 414 3285 21
434 3250 450 3284 τ
451 3228 625 3318 ριπ<λ>ασιοι
649 3229 725 3298 Bb!
751 3225 870 3292 ἐκείνοις
890 3228 916 3282 Α
980 3224 1097 3284 ἐκείνων

81 3301 204 3369 Sylburg
272 3308 305 3354 22
325 3298 421 3371 μέντοι
438 3321 469 3371 γε
487 3300 513 3354 A
548 3299 600 3371 μέν
618 3301 692 3371 γεΒ
756 3307 791 3354 24
810 3301 900 3370 φίλων
918 3300 943 3352 Α
980 3301 1097 3369 φιλείων

79 3373 128 3498 Βὸο
151 3373 266 3497 ᾱᾶιλίχον
285 3370 332 3426 Bb
349 3378 353 3439 Ι
369 3368 491 3428 ἐλεεινὸν
512 3372 533 3426 0
572 3367 760 3441 ἐλεεινότερον
780 3371 902 3439 Sylburg
922 3372 951 3424 ελ
969 3370 1072 3424 Reiske
1092 3369 1096 3441 Ι

80 3463 96 3498 τ
132 3460 149 3497 a
