2414 3840
518 171 683 221 ..A-'-
1069 167 1111 232 73

88 333 152 416 τήν
181 331 304 417 ἀρχήν,
335 331 399 396 οῦκ
426 335 516 396 εἴασε
542 338 610 395 τῶν
637 333 790 414 νομίμων
819 328 920 396 οὐδὲν
948 330 1036 418 αύτῷ
1060 354 1112 415 γε·

89 437 227 504 νέσθαι·
264 435 338 504 ἀλλ’
364 437 385 521 ή
417 437 503 521 γυνή
535 445 596 502 τοῦ
628 440 773 502 Τυλλίου
802 439 866 502 σὺν
892 437 1019 521 ὀλίγοις
1045 435 1113 502 τισὶ

90 556 158 610 τῶν
186 548 314 630 φίλων,
351 546 540 630 Ταρκυνίου
568 543 722 629 θυγάτηρ
751 538 836 609 ούσα
863 551 924 609 τοῦ
946 541 1113 630 προτέρου

92 649 269 734 βασιλέως,
297 653 418 727 νυκτὸς
446 649 606 734 ἐκκομίζει
634 650 672 714 τὸ
701 661 795 733 σῶμα
818 658 877 734 τῆς
898 653 1040 733 πόλεως,
1068 651 1113 727 ὡς

91 768 160 822 τῶν
192 757 419 843 ἐπιτυχόντων
451 758 556 833 τινός·
592 754 648 821 καλ
680 757 787 821 πολλά
819 752 881 840 μὲν
907 758 968 822 τὸν
995 755 1140 841 ἑαυτήςτ

92 861 148 928 καὶ
170 862 303 929 ἐκείνου
326 864 469 948 δαίμονα
487 861 751 949 κατοδυραμένη,
775 867 895 947 μυρίας
914 860 951 929 δὲ
969 864 1113 949 κατάρας

93 977 137 1056 τῷ
165 993 203 1035 τε
227 974 366 1057 γαμβρῷ
389 966 446 1034 καὶ
464 977 507 1054 τῇ
529 968 676 1052 θυγατρὶ
699 967 952 1055 καταρασαμένη
975 972 1113 1057 κρύπτει

92 1083 133 1160 γή
161 1077 201 1141 τὸ
229 1087 333 1160 σῶμα.
370 1076 565 1141 ἀπελθοῦσα
595 1073 625 1141 θ’
648 1075 712 1141 ἀπὸ
740 1085 802 1142 τοῦ
830 1077 975 1160 σήματος
998 1078 1147 1144 οίκαάεὸ

92 1178 145 1246 καὶ
169 1184 253 1266 μίαν
273 1180 402 1269 ἡμέραν
425 1181 630 1264 ἐπιβιώσασα
650 1183 731 1267 μετὰ
750 1184 812 1266 τήν
829 1183 940 1266 ταφήν
958 1191 998 1268 τῇ
1017 1186 1112 1249 κατό-

56 1300 152 1353 ιιιπιν
170 1286 270 1353 νυκτὶ
288 1288 503 1372 ἀποθνήσκει.
535 1297 596 1354 τοῦ
614 1290 767 1354 θανάτου
782 1284 814 1353 δ’
831 1289 849 1355 ὁ
868 1292 1000 1375 τρόπος,
1020 1290 1111 1368 ὅστις
1127 1310 1154 1349 10

92 1387 144 1478 ήν,
167 1394 324 1477 ἠγνοεῖτο
344 1406 414 1472 τοῖς
423 1399 582 1472 πολλοῖς·
606 1397 723 1480 ἔλεγον
741 1393 772 1460 δ’
792 1395 827 1461 oc
842 1393 904 1480 μὲν
922 1396 987 1462 ὑπὸ
1006 1398 1112 1480 λύπης

93 1499 284 1588 αὐτοχειρίᾳ
306 1503 344 1566 τὸ
369 1504 426 1585 ζήν
449 1499 638 1586 προεμένην
661 1501 768 1585 αὐτήν
791 1502 990 1570 ἀποθανεῖν·
1020 1505 1055 1569 οί
1076 1499 1109 1568 δ’

93 1605 156 1672 ὑπὸ
180 1616 247 1673 ’τοῦ
274 1609 428 1693 γαμβροῦ
454 1605 510 1672 καὶ
537 1616 594 1691 τής
616 1609 789 1694 θυγατρὸς
811 1608 1032 1694 ἀναιρεθῆναι
1054 1618 1112 1694 τής

92 1714 139 1790 είς
155 1714 217 1778 τὸν
237 1714 346 1799 ἀνδρα
365 1717 573 1797 συμπαθείας
589 1738 625 1779 τε
644 1711 699 1779 καὶ
719 1714 853 1790 εὐνοίας
867 1714 972 1780 ἕνεκα.
1004 1725 1112 1799 ταφής

92 1816 153 1904 μὲν
176 1814 241 1885 οὖν
260 1823 433 1904 βασιλικῆς
450 1818 506 1885 καὶ
525 1822 696 1905 μνήματος
714 1821 899 1905 ἐπιφανοῦς
918 1822 973 1886 διὰ
992 1822 1112 1898 ταύτας
1126 1840 1153 1882 15

91 1928 148 2003 τάς
176 1928 285 2003 αίτίας
313 1926 375 1991 οὐκ
402 1925 568 2010 ἐξεγένετο
596 1937 709 2012 τυχεῖν
731 1935 777 2015 τῷ
806 1930 951 1993 Τυλλίου
973 1928 1111 2013 σώματι,

91 2035 224 2118 μνήμης
248 2028 280 2096 δ’
302 2034 442 2098 αἰωνίου
464 2044 535 2111 τοῖς
557 2036 669 2120 ἔργοις
692 2033 797 2099 αὐτοῦ
818 2036 908 2121 παρά
925 2036 1033 2101 πάντα
1051 2037 1112 2100 τὸν

89 2142 216 2226 χρόνον
246 2138 388 2225 ὑπάρχει
415 2140 604 2225 τυγχάνειν.
650 2140 796 2224 ἐδήλωσε
826 2139 866 2206 δέ
890 2164 923 2206 τι
949 2139 1005 2206 καλ
1028 2143 1144 2207 ἀλλοῚ

90 2247 272 2331 δαιμόνιον
295 2247 410 2331 ἔργον,
426 2246 491 2311 Ιὅτι
513 2247 677 2330 θεοφιλής
699 2242 743 2330 ἦν
766 2246 866 2332 ἀνήρ,
891 2245 924 2324 ἐξ
937 2242 990 2331 οού
1012 2244 1067 2311 καὶ
1090 2247 1110 2330 ή

88 2350 167 2436 περὶ
184 2360 245 2436 τῆς
262 2351 424 2434 γενέσεως
442 2352 547 2418 αὐτοῦ
566 2354 692 2438 μυθικὴ
712 2350 768 2417 καλ
784 2354 921 2429 ἀπιστος
934 2353 1110 2436 ὑπόληψις,
1125 2373 1153 2413 ιο

89 2459 202 2543 ὥσπερ
231 2460 363 2544 εἴρηταί
386 2482 442 2543 μοι
471 2461 650 2545 πρότερον,
680 2459 810 2543 ἀληθής
834 2453 921 2523 εἶναι
943 2458 1009 2524 ὑπὸ
1031 2464 1111 2524 πολ-

88 2570 159 2631 λῶν
183 2564 376 2647 ἐπιστεύθη.
412 2564 450 2630 ἐν
472 2566 537 2651 γάρ
560 2574 606 2653 τῷ
629 2572 700 2653 ναῷ
724 2573 783 2649 τῆς
809 2566 927 2650 Τύχης,
951 2566 992 2632 ὃν
1011 2566 1111 2645 αὐτὸς

88 2671 344 2753 κατεσκεύασεν,
368 2672 467 2736 είκὼν
490 2671 595 2737 αὐτοῦ
616 2670 751 2756 κειμένη
771 2670 887 2756 ξυλίνη
905 2673 1111 2760 κατάχρυσος

88 2779 285 2864 ἐμπρήσεως
302 2775 485 2861 γενομένης
503 2776 558 2843 καλ
575 2789 644 2843 τῶν
663 2779 775 2843 ἀλλων
792 2778 949 2845 ἀπάντων
963 2782 1110 2864 διαφθα-

88 2885 219 2972 ρέντων
242 2885 328 2969 μόνη
353 2882 517 2968 διέμεινεν
540 2881 643 2950 οὐδὲν
666 2888 859 2969 λωβηθεῖσα
881 2887 947 2952 ὑπὸ
970 2896 1031 2952 τοῦ
1048 2909 1109 2952 πυ-
1123 2903 1151 2945 25

88 2995 158 3079 ρός.
195 2989 253 3056 καὶ
279 2993 328 3056 ἔτι
355 2998 420 3056 νῦν
443 2990 462 3056 ὁ
485 2988 547 3076 μὲν
569 2992 653 3068 νεὼς
675 2989 732 3056 καὶ
753 2993 794 3056 τά
818 2991 855 3058 ἐν
878 2993 967 3081 αὐτῷ
991 2995 1109 3079 πάντα,

164 3225 180 3273 2
201 3219 253 3273 σὺν
271 3217 375 3289 ὀλίγοις
392 3218 447 3272 τισὶ
465 3227 521 3274 τῶν
536 3221 626 3290 φίλων
639 3221 706 3288 post
720 3218 853 3291 βασιλέως
867 3219 1034 3275 collocanda
1047 3234 1108 3271 εεεο

88 3292 189 3346 censet
208 3289 338 3344 Schnelle
357 3289 453 3345 Exere.
473 3290 533 3347 crit.
553 3309 580 3360 p.
597 3296 632 3345 35
705 3296 721 3344 6
740 3288 951 3360 κατοδυρομὲνη
972 3289 994 3341 Ο
1026 3306 1109 3340 κατο-

88 3358 237 3431 δυραμένη
253 3359 342 3414 Cobet
361 3358 425 3416 obs.
444 3379 472 3430 p.
492 3368 526 3418 86
584 3368 600 3417 9
619 3357 781 3434 κατύπ<ι>ν
799 3361 822 3413 Β
887 3366 919 3412 19
939 3355 974 3408 *ὁ
993 3355 1065 3424 ἀνὴρ
1084 3359 1108 3408 Α

88 3431 208 3502 ἀνὴρΒ
271 3437 306 3486 20
324 3428 546 3505 ύπύληηκι>ςΒ
