2414 3840
524 174 687 224 -Ε..

95 334 315 420 τούλάχιστον
348 332 536 399 συνέστειλε
568 330 623 398 καὶ
651 335 763 410 πόλεις
791 334 870 410 ὅλας
898 331 1029 421 ἐξῴκισε
1051 357 1103 399 κει

97 443 265 525 βασιλείας
292 442 350 517 τάς
377 436 438 525 μὲν
461 438 588 523 ἀνεῖλε,
619 441 677 516 τάς
700 434 852 517 δἀὐτὸς
876 439 1033 524 ἀπέδειξε,
1052 463 1103 506 κο·

98 548 182 613 άλλα
204 548 311 611 πολλά
333 544 389 611 καὶ
413 546 547 630 αὐθάδη
572 545 780 632 διεπράξατο,
804 544 881 630 περὶ
900 540 948 611 ὧν
966 549 1047 612 πολὺ
1063 545 1103 611 ά·-

98 655 198 736 ἐρνον
218 658 268 737 είη
288 651 409 735 λέγειν·
437 656 574 730 πολίτας
591 675 627 718 τε
645 651 746 739 χωρὶς
764 663 832 718 τῶν
851 651 888 718 ἐν
906 663 980 730 ταῖς
997 653 1103 738 μάχαιτ

75 757 315 844 ιάπολομένων
342 762 421 836 τοὺς
445 761 658 845 παραδόντας
681 759 769 847 αὐτῷ
794 769 882 844 σφᾶς
906 759 1028 837 αὐτοὺς
1049 759 1103 824 ού·

96 865 252 942 ἐλάττους
287 870 570 952 τετρακισμυρίων
608 864 814 948 ἀπέκτεινεν,
851 861 901 931 ὧν
932 889 1026 943 τινας
1053 889 1103 931 κιι

60 972 258 1056 6βασάνοις
282 983 415 1059 πρῶτον
439 973 659 1056 αἰκισάμενος.
700 973 731 1038 εί
752 970 814 1057 μὲν
837 967 901 1037 οὖν
924 971 1103 1055 ἀναγκαίω-

95 1079 116 1163 ἣ
140 1082 378 1165 συμφερόντως
401 1087 445 1167 τῷ
469 1086 571 1166 κοινῷ
595 1078 702 1143 πάντα
720 1075 812 1143 ταῦτ’
836 1077 988 1164 ἔπραξεν,
1012 1080 1068 1164 ούχ

95 1186 212 1270 παρὼν
235 1186 350 1271 καιρὸς
372 1184 544 1264 ἐξετάζειν·
577 1184 628 1248 ότι
647 1180 684 1249 δέ
704 1182 759 1248 διά
776 1178 867 1248 ταῦτ’
890 1182 1034 1269 ἐμισήθη
1053 1208 1103 1249 m

60 1319 86 1358 10
97 1292 211 1356 δεινὸν
243 1289 350 1374 ἐφάνη
380 1292 417 1356 τὸ
447 1301 508 1356 τοῦ
538 1291 732 1375 δικτάτορος
764 1292 885 1374 ὄνομα,
922 1293 1022 1356 τοῦτό
1053 1312 1103 1375 μοι

95 1387 272 1481 προύκειτο
301 1396 470 1476 ἐπιδεῖξαι.
515 1395 643 1483 πέφυκε
671 1394 703 1460 δ’
730 1397 772 1462 ού
798 1407 870 1473 ταῖς
899 1398 1103 1471 δυναστείαις

95 1510 193 1568 τοῦτο
224 1505 357 1587 μόναις,
388 1503 471 1568 άλλά
497 1501 551 1568 καὶ
581 1514 651 1579 τοῖς
680 1503 793 1580 άλλοις
820 1506 1021 1588 συμβαίνειν
1041 1511 1103 1578 τοιῑ

94 1611 330 1693 περιμαχήτοις
351 1607 407 1674 καὶ
429 1608 696 1694 θαυμαζομένοις
720 1610 785 1675 ὑπὸ
807 1618 869 1676 τοῦ
891 1619 1011 1676 κοινοῦ
1033 1613 1103 1694 βίοι

93 1716 271 1801 πράγμασι.
316 1718 400 1782 καλά
427 1713 488 1802 μὲν
515 1718 579 1802 γάρ
608 1717 737 1782 άπαντα
767 1718 921 1802 φαίνεται
949 1714 1006 1782 καὶ
1029 1732 1103 1801 συμ-

61 1849 87 1890 τι
97 1821 243 1908 φέροντα
262 1833 332 1900 τοῖς
349 1822 542 1909 χρωμένοις,
567 1823 648 1887 όταν
666 1846 716 1899 τις
734 1823 847 1899 αὐτοῖς
860 1823 984 1909 χρῆται
992 1827 1103 1907 καλόςΙ

94 1929 213 2014 αίσχρά
241 1925 279 1994 δὲ
306 1926 361 1994 καὶ
389 1928 584 2014 ἀσύμφορα,
614 1929 694 1994 ὅταν
721 1931 891 2014 πονηροὺς
920 1930 1008 2016 λάβη
1031 1933 1103 2015 προ

96 2036 223 2112 στάτας.
260 2035 383 2100 τούτου
407 2030 438 2099 δ’
459 2035 480 2120 η
504 2035 607 2120 φύσις
630 2036 718 2099 αίτία
736 2041 924 2121 προσθεῖσα
942 2047 1014 2112 τοῖς
1032 2035 1103 2119 άντ-

93 2148 171 2219 θοῑς
189 2143 291 2207 άπασι
308 2138 363 2206 καὶ
381 2141 484 2225 κῆράς
501 2164 594 2218 τινας
613 2141 816 2225 συμφύτους.
853 2135 925 2205 ἀλλ’
945 2137 1032 2227 ὑπὲρ
1049 2139 1103 2226 μὲν

93 2250 222 2314 τούτων
240 2248 351 2334 ἕτερος
370 2246 411 2312 άν
430 2253 481 2331 εἴη
500 2257 570 2323 τοῖς
586 2249 699 2329 λόγοις
712 2247 826 2331 καιρὸς
840 2245 1103 2335 ἐπιτηδειότερος.

9 2417 13 2422 .
58 2383 85 2422 ιο
97 2356 151 2449 [οί
167 2351 197 2420 δ’
215 2354 252 2420 ἐν
274 2363 320 2444 τῷ
341 2356 481 2419 κατόπιν
499 2352 640 2440 ἐνιαυτῷ
659 2353 720 2436 τὴν
738 2353 867 2418 ὕπατον
885 2353 993 2438 ἀρχὴν
1006 2375 1103 2442 παρα-

94 2454 253 2546 λαβόντες
281 2456 394 2538 Αὖλος
421 2460 640 2544 Σεμπρώνιος
665 2453 855 2544 Ἀτρατῖνος
886 2457 942 2524 καὶ
969 2462 1103 2547 Μάρκος

94 2559 285 2652 Μηνύκιος,
318 2566 372 2633 ἐπὶ
402 2575 461 2651 τῆς
492 2564 738 2655 ἑβδομηκοστῆς
766 2563 822 2630 καὶ
847 2566 982 2651 πρώτης
1009 2567 1103 2653 ὀλυμ

92 2675 227 2759 πιάδος,
259 2675 303 2759 ἣν
335 2672 428 2739 ἐνίκα
461 2673 598 2737 στάδιον
634 2671 829 2756 Τισικράτης
862 2673 1103 2758 Κροτωνιάτης,

94 2783 255 2865 άρχοντος
273 2774 457 2863 Ἀθήνησιν
476 2774 680 2863 Ἱππάρχου]

169 2945 181 2992 1
204 2933 318 3010 ἐξῴκισε
336 2935 463 2991 radendo
482 2952 516 2990 ex
535 2930 656 3009 ἐξῴκησε
675 2933 698 2986 Β
752 2931 866 3008 διῴκισε
886 2952 910 2992 c
930 2935 1020 2990 Cobet
1037 2935 1103 2991 Nov·

93 3009 170 3064 Leet.
189 3027 217 3078 p.
233 3015 284 3063 289
359 3009 517 3078 Ὶπρῶτον]
536 2991 715 3077 πρότερονυ.
734 2989 874 3060 ΒάόλιεΙοε
943 3005 1103 3098 τεμόντας

93 3079 180 3152 μόνον
204 3096 227 3136 ο.
246 3077 375 3134 Hertlein
394 3078 509 3133 Hermes
534 3079 629 3132 X415
739 3083 805 3132 20—
811 3082 844 3132 25
864 3077 960 3132 Verba
980 3075 1053 3132 οιδ’
1073 3069 1103 3131 ii

93 3184 126 3193 -
137 3149 305 3233 Ιππάρχον,
329 3166 402 3218 quae
425 3148 508 3203 initio
531 3148 597 3203 libri
621 3147 694 3202 sexti
716 3149 893 3217 repetuntur,
918 3147 1101 3218 Kiesslingiut

91 3224 171 3278 uncis
191 3221 314 3279 seclusit
