2400 3848
460 175 624 224 ..Ε-

39 321 188 410 ἒπιεικεῑς
218 335 282 418 τὴν
313 334 418 417 φύσιν
449 332 506 399 καὶ
537 331 665 419 μέτριοι
697 345 768 413 τοῖς
796 339 955 421 τιμήμασι
981 346 1050 403 τῶν

39 432 123 504 3ίων
145 435 241 523 ἦσαν,
264 437 440 526 παρῄνουν
459 439 596 525 ἀφεῖναι
613 443 654 506 τδι
672 440 752 528 χρέα
769 451 840 519 τοῖς
857 441 976 526 πένησι
995 440 1051 508 καλ

39 547 200 626 τρίασθαι
221 548 395 631 πολιτικὴν
418 547 555 612 εὔνοιαν
578 545 695 629 ὀλίγον
719 549 901 633 διαφόρου,
924 550 1050 633 μεγάλα

39 647 217 731 κέλλοντας
240 652 274 732 ἐξ
298 653 399 738 αὐτῆς
420 654 596 737 κερδανεῖν
620 654 690 738 ίδίηι
713 653 825 720 τεκαὶ
849 656 1003 744 δημοσίᾳ.

106 760 236 826 LXIIII.
263 751 327 824 Ἦν
359 757 389 824 δ’
422 759 440 825 ό
469 760 591 842 ταύτης
620 759 805 845 ἡγούμενος
831 771 889 846 τῆς
915 763 1077 848 γνώμηςι

39 856 176 951 Μάρκος
196 863 389 951 Οὐαλέριος,
408 866 481 942 υίὸς
501 868 655 932 Ποπλίου
671 867 868 953 Οὐαλερίου,
889 868 963 947 ἑνὸς
980 879 1049 935 τῶν

39 973 293 1038 ωτταλυσάντων
314 973 377 1056 τὴν
399 974 595 1059 τυραννίδα,
618 982 680 1039 τοῦ
702 973 886 1058 κληθέντος
909 975 965 1040 διὰ
987 977 1049 1060 την

40 1068 80 1147 lg
111 1081 147 1144 τὸ
176 1080 357 1163 δημοτικὸν
384 1079 522 1144 εὔνοιαν
549 1084 760 1164 Ποπλικόλα,
792 1081 960 1146 διδάσκων
990 1081 1049 1146 αὐ-

39 1185 125 1266 ’ούς,
148 1186 199 1250 ὅτι
222 1195 291 1262 τοῖς
314 1185 376 1270 μὲν
397 1181 483 1265 ὑπὲρ
506 1196 573 1251 τῶν
597 1191 681 1252 ίσων
703 1185 961 1272 ἀγωνιζομένοις
979 1193 1049 1254 ίσαι

39 1292 195 1357 ἰλοῦσιν
219 1290 408 1376 ἐμφύεσθαι
431 1293 514 1378 πρὸς
535 1293 577 1356 τά
599 1295 679 1377 έργα
702 1297 898 1379 φιλοτιμίαι,
922 1305 992 1372 τοῖς
1011 1292 1048 1360 δέ
1063 1316 1089 1356 ιο

39 1393 140 1473 ληδὲν
169 1397 351 1463 ἀπολαύειν
379 1395 560 1482 μέλλουσιν
588 1396 719 1480 ἀγαθὸν
748 1397 850 1466 οὐδέν
879 1401 1048 1487 ἐπέρχεται

39 1511 175 1581 ’ρονείν
202 1513 376 1586 γενναῖον·
407 1504 590 1589 ἠρεθίσθαι
612 1527 647 1569 τε
670 1504 778 1589 λέγων
801 1507 947 1585 ἅπαντας
969 1511 1048 1585 τοὺς

39 1593 182 1693 ἱπόρους
208 1608 263 1675 καλ
290 1614 479 1696 περιιόντας
505 1613 587 1676 κατὰ
613 1613 675 1695 τὴν
698 1611 825 1697 ἀγορὰν
848 1611 971 1696 λέγειν·
1008 1616 1051 1678 Τί
1062 1617 1083 1682 2

39 1702 62 1767 δ’
87 1716 168 1801 ἡμῖν
191 1720 283 1782 ἔσται
305 1716 418 1799 πλέον,
443 1717 502 1793 ἐὰν
525 1721 713 1802 νικήσωμεν
735 1720 815 1794 τοὺς
838 1718 964 1796 ἔξωθεν
987 1740 1047 1784 πο-

39 1816 183 1907 Ιεμίους,
216 1825 248 1888 εί
276 1834 346 1900 τοῖς
378 1824 566 1900 δανεισταῖς
598 1824 760 1907 ἀγώγιμοι
790 1825 873 1909 πρὸς
899 1827 940 1889 τδι
966 1824 1047 1913 χρέα
1062 1845 1088 1887 ιτ

39 1934 244 2015 γενησόμεθα
273 1930 329 1995 καὶ
357 1939 397 2014 τη
427 1934 521 1997 πόλει
549 1932 611 2015 τὴν
639 1930 820 2015 ἡγεμονίαν
849 1933 1047 1997 κατασκευά-

39 2048 150 2114 σαντες
179 2034 274 2101 αὐτοὶ
302 2033 386 2121 μηδὲ
413 2037 475 2120 τὴν
503 2036 701 2121 ἐλευθερίαν
728 2048 799 2114 τοῖς
826 2038 955 2122 σώμασι
983 2062 1047 2123 φυ-

40 2143 127 2223 λάξαι
165 2145 397 2228 δυνησόμεθα;
434 2145 596 2208 κίνδυνόν
633 2137 665 2206 τ’
705 2142 746 2208 οὐ
782 2153 905 2209 τοῦτον
941 2147 1046 2228 μόνον

41 2247 219 2336 ἐπαχθῆναι
248 2254 367 2333 σφίσιν
394 2248 606 2334 ἀποφαίνων,
637 2250 696 2317 έδιν
724 2250 940 2336 ἐκπολεμωθῇ
963 2253 1047 2337 πρὸς

39 2357 93 2439 την
116 2358 245 2441 βουλὴν
269 2356 287 2421 ὁ
313 2357 431 2440 δῆμος,
459 2358 502 2441 μὴ
526 2359 687 2442 καταλίπη
711 2358 773 2440 τὴν
795 2360 894 2422 πόλιν
917 2356 954 2423 έν
977 2367 1046 2434 τοῖς
1060 2377 1087 2418 ιο

39 2464 215 2544 κινδύνοις,
240 2462 257 2527 δ
280 2462 405 2538 πάντας
429 2462 591 2548 ὀρρωδεῖν
614 2464 676 2549 χρὴ
699 2465 780 2540 τοὺς
801 2464 841 2528 τδι
863 2463 960 2529 κοινά
983 2464 1047 2529 σώ-

39 2571 147 2647 ζεσθαι
180 2566 422 2652 βουλομένους,
454 2569 538 2634 ἀλλά
570 2569 726 2635 κάκεῖνον
758 2569 817 2634 τὸν
845 2572 894 2634 έτι
922 2571 1046 2637 τούτου

39 2676 273 2760 χαλεπώτερον,
297 2675 341 2759 μὴ
365 2685 437 2751 ταῖς
458 2676 548 2759 παρὰ
570 2685 637 2740 τῶν
654 2676 831 2760 τυράννων
850 2681 1046 2766 φιλανθρω-

39 2785 122 2859 πίαις
146 2780 363 2865 ἐξαπατηθεὶς
380 2783 462 2846 κατὰ
480 2792 547 2846 τῶν
565 2784 748 2867 πατρικίων
766 2783 885 2867 ἀρηται
903 2787 944 2850 τὰ
962 2787 1047 2868 ὅπλα

105 3015 118 3062 1
143 3017 176 3078 τῆ
201 3009 285 3078 φύσει
303 3008 326 3061 Β
400 3015 415 3062 6
434 3008 565 3075 Μάρκιος
583 3009 629 3063 Bb
666 3007 727 3072 υίὸς
744 3009 868 3080 Μάρκου
890 3013 1045 3083 Οὐαλερίου

39 3079 55 3133 δ
84 3080 120 3135 cf.
143 3079 272 3134 Niebuhr
295 3079 367 3134 Hist.
391 3080 471 3135 Rom.
490 3081 504 3133 Ι
521 3082 579 3134 not.
601 3086 682 3150 1328,
706 3083 834 3136 Ποπλίου
853 3098 904 3150 pro
922 3083 1045 3154 Μάρκου

39 3151 167 3206 hocloco
186 3150 330 3220 Kiessling
367 3152 494 3206 Ποπλίου
513 3167 582 3205 voce
600 3154 666 3221 post
683 3154 840 3222 τυραννίδα
859 3153 964 3206 omissa
982 3170 1047 3207 cum

39 3221 62 3291 B,
81 3222 205 3293 Μάρκου
223 3223 379 3293 Οὐαλερίου
399 3221 520 3276 delenda
539 3239 600 3277 esse
620 3225 717 3278 censet
730 3223 921 3278 Mommsenus
936 3222 965 3278 O.
979 3223 1000 3277 Ι.
1014 3223 1045 3279 L.

39 3312 58 3359 ρ.
78 3299 130 3348 284
147 3299 151 3359 Ι
168 3295 296 3347 Ποπλίου
314 3301 364 3347 τοῦ
380 3293 402 3348 Ο
421 3295 534 3363 praeter
548 3294 570 3347 Β
627 3300 659 3349 11
675 3294 816 3364 *μηδενός
829 3291 882 3345 ΑΒ
902 3292 1021 3349 cf.1117
1038 3294 1043 3364 Ι

39 3365 146 3434 ἀγαθοῦ
165 3364 191 3416 Α
227 3364 382 3433 ἀγαθδνΒ
464 3371 496 3418 12
516 3361 533 3431 ἢ
553 3371 686 3434 γενναῖον
705 3364 751 3418 Bb
767 3369 772 3429 1
787 3362 938 3424 πάνταςΒ
1011 3369 1046 3418 24

39 3434 85 3505 ἀρη
104 3436 130 3488 A
167 3435 233 3504 αίρη
252 3434 298 3488 Ba
335 3434 407 3504 ἀ.ρη
427 3435 473 3489 Bb
510 3436 612 3505 ἄρηται
631 3435 720 3490 Cobet
739 3434 805 3489 Obs.
824 3453 851 3503 p.
873 3438 923 3488 106
1025 3458 1037 3482 ι
