2414 3840
89 178 155 244 208
518 184 681 233 -Ε-

89 368 159 428 γων
187 345 374 428 θρίαμβον,
402 341 473 408 ἀλλ’
498 343 560 409 οὐκ
587 340 640 428 ἐφ’
663 344 809 429 ἅρματος
834 343 949 430 ὥσπερ
974 344 1060 410 ἑκεῖν

90 445 199 515 ἔπειθ’
227 451 277 514 ότι
306 450 348 514 οὐ
375 451 437 534 τήν
465 453 620 534 ποικίλην
650 448 706 516 καλ
729 452 948 537 χρυσόσημον
973 449 1060 536 ἀμφι

90 581 188 623 ννται
212 559 345 640 στολήν,
369 547 390 643 ἦ
408 568 579 641 κοσμεῖται
599 556 616 623 ὁ
636 555 758 641 ἕτερος,
782 554 863 622 οὐδὲ
881 559 945 623 τὸν
963 573 1060 644 χρυσι

92 666 158 747 ἔχει
182 661 360 747 στέφανον,
384 663 468 729 ἀλλὰ
491 666 746 751 περιπόρφυρον
769 665 893 748 λευκήν
914 662 1060 751 περιβίχλ

61 792 147 839 εται
169 772 347 854 τήβενναν,
370 771 408 836 τὸ
433 769 612 857 ἐπιχώριον
634 781 702 836 τῶν
727 769 862 836 ὑπάτων
883 793 920 836 τε
938 769 996 837 καὶ
1016 788 1060 846 στι

91 887 203 962 τηγῶν
222 880 369 963 φόρημα,
394 874 563 962 στέφανον
583 873 613 942 δ’
631 877 789 944 ἐπίκειται
808 877 951 962 δάφνης,
975 901 1058 963 μεμε

92 1007 146 1049 ται
171 982 208 1050 δὲ
231 983 286 1052 καὶ
309 993 370 1051 τοῦ
393 987 562 1070 σκήπτρου
580 993 620 1069 τή
639 987 781 1071 φορήσει
798 987 889 1070 παρὰ
906 986 968 1050 τὸν
986 984 1060 1071 ἔτερ

57 1093 133 1162 4τὰ
167 1089 197 1156 δ’
229 1093 313 1157 ἄλλα
344 1092 451 1157 πάντα
482 1090 585 1156 ταύτὰ
616 1092 691 1176 ἔχει.
735 1097 844 1156 αίτιον
872 1088 910 1156 δὲ
937 1101 983 1180 τῷ
1013 1091 1060 1157 όνι

95 1201 302 1285 [Ποστομίῳ]
330 1208 388 1282 τής
412 1199 586 1275 ἐλάττονος
608 1207 703 1282 τιμῆς
726 1196 872 1282 ἐγένετο,
900 1201 1011 1264 καίτοι
1033 1203 1060 1264 λε

58 1305 246 1392 ιοπροτοίτφ
274 1305 410 1370 πάντων
437 1303 607 1393 γενομένῳ
629 1305 712 1370 κατὰ
733 1305 796 1388 τήν
819 1304 944 1390 μόχην,
970 1307 1010 1370 τὸ
1033 1325 1060 1380 ιη

94 1434 193 1497 τερον
216 1421 363 1495 πταῖσμα
387 1411 423 1476 ἐν
446 1420 485 1496 τή
510 1410 672 1496 ἐπιδρομῇ
695 1410 779 1496 μέγα
801 1408 857 1476 καὶ
881 1414 947 1477 σὺν
970 1413 1060 1497 αίσχῖ

93 1520 293 1602 γενόμενον,
324 1516 357 1595 ἐξ
386 1513 427 1582 οὗ
454 1526 512 1601 της
539 1539 575 1582 τε
599 1518 772 1602 δυνάμεως
793 1520 942 1596 πολλοὺς
965 1518 1060 1584 ἀπώλ

93 1622 150 1689 καί
178 1623 277 1701 αὐτὸς
305 1624 422 1708 ὀλίγον
450 1623 564 1707 ἐδέησε
593 1626 658 1690 σὺν
684 1635 754 1701 τοῖς
780 1629 1050 1711 περιλειφθεῖσιν

94 1739 153 1815 τής
175 1740 299 1817 τροπής
322 1731 528 1816 αίχμοίλωτος
550 1731 717 1815 γενέσθαι.

58 1865 85 1906 15
160 1837 378 1904 XXXXVIII.
413 1833 485 1904 Ἐπὶ
519 1836 556 1905 δὲ
587 1847 646 1923 τής
677 1840 805 1906 τούτων
832 1839 937 1926 ἀρχῆς
965 1843 1060 1907 Πότλ

97 1943 281 2032 Οὐαλέριος
316 1948 530 2023 Ποπλικόλας
545 1952 554 1969 “·
567 1945 827 2031 ἐπικαλούμενος
862 1949 1013 2032 νοσήσας
1049 1948 1060 2015 ί

94 2054 204 2137 λεότα,
227 2053 402 2138 κράτιστος
424 2064 492 2119 τῶν
514 2055 588 2119 τότε
606 2050 776 2139 Ῥωμαίων
798 2056 881 2120 κατὰ
903 2063 1019 2122 πᾶσαν
1042 2044 1060 2122 ό

93 2162 156 2245 τήν
179 2162 362 2245 νομισθείς.
399 2161 439 2225 τὰ
461 2155 524 2245 μὲν
547 2155 610 2226 οὖν
629 2161 712 2226 ἄλλα
730 2169 792 2227 τοῦ
810 2160 936 2248 ἀνδρὸς
955 2165 1047 2248 ἔργα,

96 2267 118 2334 ἃ
140 2267 377 2353 θαυμάζεσθαί
400 2289 435 2332 τε
461 2264 517 2332 καὶ
545 2270 676 2353 μνήμης
697 2267 875 2353 τυγχάνειν
898 2268 991 2348 ἄξιός
1013 2269 1060 2336 ἐστ

60 2371 199 2443 ωούόὲν
227 2372 344 2460 δέομαι
370 2372 494 2459 λέγειν·
527 2373 564 2440 ἐν
592 2374 675 2460 ἀρχή
703 2377 766 2461 γὰρ
793 2384 856 2441 τοῦ
883 2378 989 2460 λόγον
1016 2399 1060 2443 τοι

96 2485 136 2549 τὰ
158 2483 266 2549 πολλοὶ
288 2488 429 2569 εἴρηται·
462 2480 481 2546 ὃ
504 2477 535 2546 δ’
559 2480 716 2548 ἁπάντων
736 2479 806 2548 ἐστὶ
824 2493 892 2548 τῶν
911 2492 974 2549 τοῦ
993 2483 1060 2555 ἀνόι

96 2589 268 2676 ἐγκωμίων
304 2588 585 2674 θαυμασιώτατον
621 2585 677 2653 καὶ
710 2589 802 2654 οόπω
835 2588 968 2675 τέτευχε
1001 2593 1060 2675 λόγ

95 2694 186 2761 τοῦτ’
214 2702 325 2781 οίομαι
354 2698 425 2761 δεῖν
453 2696 497 2780 μή
527 2696 872 2781 παρελθεῖν,,παντὸς
895 2697 1060 2781 μάλιστα

97 2804 200 2888 μίζων
227 2811 326 2868 τοῦτο
354 2805 535 2887 προσήκειν
562 2812 632 2879 τοῖς
659 2802 851 2888 γράφουσιν
875 2802 1040 2891 ἱστορίας,

3 2917 5 2924 ’
61 2933 87 2976 25
98 2911 203 2995 μόνον
226 2910 284 2986 τὰς
306 2910 485 2993 πολεμικὰς
506 2906 640 2994 πρόξεις
662 2918 730 2973 τῶν
752 2907 921 2995 ἐπισήμων
941 2910 1060 2997 ήγεμόν

169 3110 185 3158 3
206 3104 220 3159 ὁ
241 3100 334 3173 ἕτερος
352 3117 440 3170 usque
459 3101 497 3155 ad
514 3101 713 3229 περιβέβληται
731 3103 818 3158 verba
837 3102 939 3158 add.}3
957 3106 961 3174 ή
977 3103 1060 3175 *χρόα

98 3176 121 3231 Ο
178 3175 389 3247 ὃτήβεννονΑ
444 3172 558 3228 8ταῦτ’
590 3195 634 3243 χει
647 3174 724 3228 ABa
750 3174 837 3243 ταότη
853 3172 972 3244 ἔχειΒο
1026 3182 1060 3231 9.

99 3249 201 3322 στομίῳ
226 3247 280 3301 del.
299 3244 444 3314 Kiessling
467 3247 581 3301 auctore
599 3245 685 3300 Porto
759 3252 791 3300 12
811 3247 942 3318 πολλοὺς]
967 3245 1060 3316 πολλὴν

99 3320 220 3390 Sylburg
312 3324 344 3373 16
367 3313 520 3387 Οὐαλέριος
539 3316 553 3371 ὁ
574 3320 608 3370 Π.
629 3334 652 3371 ο.
672 3316 816 3386 Kiessling
901 3323 935 3373 22
954 3317 1050 3388 τέτοχε

97 3392 230 3462 τετύχηκε
244 3389 292 3444 Bb
347 3395 381 3445 23
400 3387 512 3469 πᾴνιως
526 3388 573 3443 Ba
604 3388 719 3444 πόντων
735 3388 854 3459 μάλιστα
867 3389 914 3444 vel
927 3389 1060 3460 παντὸςμ

98 3466 146 3517 λον
166 3481 189 3519 ο.
209 3461 368 3533 Stephanus
