2414 3840
92 138 136 202 ιε
520 143 682 193 -Δ-

92 324 174 378 νους
200 299 255 366 καὶ
282 305 360 379 τοὺς
383 302 508 368 ἐκτῶν
531 301 765 389 ἀπελευθέρων
788 301 988 387 γινομένους
1009 303 1114 368 πελά-

57 409 75 474 ’λ
92 430 150 484 τας
166 419 237 486 τοῖς
256 409 407 492 ἐγγόνοις
424 419 494 485 τοῖς
513 407 642 473 ἑαυτῶν
660 412 926 487 καταλείποντας.
963 413 1111 475 Τοιαῦτα

93 513 250 598 λέγοντος
272 515 377 581 αὐτοῦ
401 516 639 600 συνεχώρησαν
663 517 699 581 οί
718 521 885 601 πατρίκιοι
907 518 945 582 τὸ
964 519 1045 593 ἐθος
1064 518 1114 593 είς

92 622 155 705 τήν
182 623 281 686 πόλιν
309 626 507 706 παρελθεῖν,
535 621 591 687 καὶ
614 621 709 708 μέχρι
731 633 799 688 τῶν
821 621 899 688 καθ’
926 623 1011 707 ήμῖις
1033 625 1114 708 χρό-

61 750 163 792 ονων
191 728 236 805 ὡς
263 727 300 793 έν
327 739 449 794 τιτῶν
473 730 573 814 ἱερῶν
594 728 651 795 καὶ
674 730 839 813 ἀκινήτων
862 732 1014 816 νομίμων
1039 730 1114 795 δια-

92 839 181 899 τελεῖ
200 831 290 901 τοῦτ’
313 834 350 900 ἐν
372 843 412 920 τῇ
435 837 529 900 πόλει
552 838 812 920 φυλαττόμενον.

159 934 313 1007 XXIIII(
332 938 464 1026 Ἐπειδή
494 939 531 1007 δὲ
559 943 641 1007 κατά
667 950 766 1008 τοῦτο
794 941 917 1025 γέγονα
945 943 983 1007 τὸ
1010 940 1114 1026 μέρος

93 1057 151 1131 τής
183 1049 381 1133 διηγήσεως,
416 1047 599 1131 ἀναγκαῖον
630 1042 719 1114 εἶναί
744 1072 801 1132 μοι
829 1049 923 1113 δοκεῖ
948 1048 1113 1132 διελθεῖν,

31 1223 34 1229 .
94 1155 139 1231 ὡς
162 1148 228 1240 εἶχε
251 1157 324 1220 τότε
347 1165 418 1231 τοῖς
432 1150 603 1240 Ῥωμαίοις
620 1156 661 1220 τά
679 1153 755 1240 περὶ
772 1155 852 1231 τοὺς
871 1154 1016 1230 δούλους
1034 1156 1165 1239 ἐθήρευε

58 1261 150 1326 εοίνα
173 1262 254 1345 μήτε
276 1261 335 1325 τὸν
358 1259 496 1344 βασιλέα
518 1263 577 1327 τὸν
600 1272 733 1348 πρῶτον
755 1260 1008 1345 ἐπιχειρήσαντα
1031 1263 1114 1338 τοὺς

94 1368 354 1444 δεδουλευκότας
390 1367 512 1444 άστοὺς
547 1379 656 1433 ποιεῖν
695 1370 775 1452 μήτε
811 1370 892 1444 τοὺς
926 1365 1114 1452 παραδεξα-

94 1473 216 1559 μένους
243 1475 302 1538 τὸν
328 1476 435 1557 νόμον
463 1473 499 1539 ἐν
523 1476 642 1552 αἰτίαις
666 1484 727 1560 σχή
750 1499 814 1558 τις,
843 1475 888 1552 ὡς
911 1473 1114 1559 ῥιπτοῦντας

58 1580 164 1663 2είκή
196 1582 237 1645 τδι
268 1579 359 1645 καλά.
402 1579 586 1665 ἐτύγχανον
619 1582 660 1665 δή
688 1593 758 1659 τοῖς
780 1577 954 1665 Ῥωμαίοις
981 1580 1018 1644 αί
1025 1592 1114 1667 1τῶν

93 1690 313 1772 θεραπόντων
336 1689 466 1770 κτήσεις
483 1689 566 1753 κατά
584 1689 663 1764 τοὺς
686 1687 916 1765 δικαιοτάτους
935 1690 1115 1771 γινόμεναι

58 1813 85 1855 15
93 1796 246 1879 τρόπους.
283 1792 304 1876 ή
327 1795 391 1879 γάρ
416 1793 624 1879 ὠνησάμενοι
646 1795 736 1879 παρά
758 1802 819 1859 τοῦ
843 1795 1008 1878 δημοσίου
1031 1797 1115 1872 τοὺς

93 1899 158 1966 ὑπὸ
183 1901 268 1985 δόρυ
290 1898 528 1983 πωλουμένους
551 1899 587 1965 ἐκ
609 1911 676 1965 τῶν
695 1901 869 1986 λαφύρων,
892 1900 913 1984 ή
931 1909 993 1965 τοῦ
1011 1917 1114 1986 στρα-

93 2015 197 2090 τηγοῦ
224 2008 502 2091 συγχωρήσαντος
529 2007 596 2093 ἅμα
623 2017 695 2083 ταῖς
717 2007 832 2084 άλλαις
856 2007 1032 2091 ὠφελείαις
1054 2005 1113 2072 καὶ

93 2115 173 2191 τοὺς
203 2112 437 2199 δορυαλώτους
464 2123 534 2191 τοῖς
562 2116 724 2197 λαβοῦσιν
751 2115 839 2199 ἔχειν
866 2113 886 2197 ή
915 2113 1114 2198 πριαμένοις

94 2213 171 2306 παρ’
194 2217 316 2305 ἑτέρων
344 2221 426 2284 κατά
452 2222 531 2297 τοὺς
557 2219 678 2297 αὐτοὺς
700 2223 845 2306 τρόπους
867 2223 994 2307 κυρίων
1016 2244 1114 2303 γενο-

58 2295 206 2422 ἓομένων
243 2325 415 2410 ἐκέκτηντο
452 2328 531 2404 τοὺς
568 2327 719 2404 δούλους.
765 2322 867 2393 οὐδὲν
900 2328 942 2410 δή
975 2336 1112 2412 πρᾶγμα

94 2444 203 2499 ποιεῖν
222 2435 381 2518 αἰσχύνης
398 2433 419 2518 ή
439 2434 564 2518 βλάβης
582 2443 697 2518 κοινής
715 2439 822 2499 αίτιον
837 2429 914 2499 οὔθ’
932 2433 950 2499 ὁ
968 2434 1113 2511 Τύλλιος

95 2539 113 2605 ὁ
136 2540 424 2624 καταστησάμενος
444 2541 483 2605 τὸ
507 2542 588 2617 ἐθος
611 2535 690 2606 οὔθ’
718 2540 754 2605 οί
772 2539 1036 2626 παραδεξάμενοι
1053 2538 1113 2605 καὶ

96 2644 358 2732 διαφυλάξαντες
380 2644 498 2733 ᾤοντο,
523 2647 554 2710 εί
574 2657 644 2722 τοῖς
667 2647 901 2732 ἀφαιρεθεῖσιν
919 2646 956 2711 ἐν
974 2644 1112 2734 πολέμῳ

95 2754 157 2836 τήν
183 2775 218 2817 τε
245 2753 389 2836 πατρίδα
416 2748 471 2815 καὶ
493 2751 555 2833 τήν
578 2750 775 2837 ἐλευθερίαν
797 2763 952 2839 χρηστοῖς
973 2752 1113 2837 γενομέ-

58 2876 85 2918 τε
95 2881 167 2934 νοις
193 2855 269 2942 περὶ
292 2859 370 2934 τοὺς
392 2855 754 2941 καταδουλωσαμένους
775 2858 796 2942 ή
820 2861 899 2936 τοὺς
920 2860 1010 2943 παρὰ
1032 2861 1165 2931 τού-εον

167 3047 408 3113 θναταλιπόντας
427 3050 449 3105 Ο
469 3066 537 3104 corr.
556 3049 701 3118 Kiessling
770 3048 946 3121 ῖοίομαιδ
968 3046 1110 3139 ἐπειδήΒ

96 3117 194 3191 ἐπειδὴ
214 3119 245 3176 δὲ
265 3121 291 3174 R
362 3118 477 3176 θεῖναί
491 3141 538 3211 μοι
556 3124 640 3176 δοκεῖ
654 3123 676 3177 Ο
695 3121 849 3211 praeterB
922 3119 992 3189 16η
1012 3139 1065 3176 om.
1086 3123 1110 3176 B

132 3199 165 3248 18
184 3190 349 3262 πριαμένοις
366 3191 419 3246 AB
440 3191 605 3282 πριάμενοι
623 3193 648 3245 R
679 3191 831 3262 πριάμενοι
849 3193 952 3256 αύτούς
965 3192 1111 3263 Kiessling

132 3270 164 3319 19
183 3264 299 3326 τούτους
316 3264 381 3325 τοῦς
399 3261 519 3332 τρόπους
537 3281 560 3319 ο
572 3263 694 3333 Sylburg
747 3270 781 3319 23
801 3263 1045 3336 άφ<αι>ρεθεῖσιν
1060 3264 1109 3318 Bb

130 3342 165 3390 24
183 3340 311 3406 χρηστοῖς
328 3333 405 3388 ABb
442 3341 494 3420 χρή
513 3341 571 3397 τοῖς
588 3335 634 3389 Ba
723 3341 757 3389 25
776 3336 841 3404 περὶ
863 3337 928 3398 τοῦς
946 3336 977 3390 τὸ
996 3344 1110 3403 πρῶτον

94 3407 197 3471 αὐτούς
225 3403 571 3475 καταδουλωσαμένους
555 3426 572 3474 η
601 3405 665 3477 περὶ
688 3407 752 3470 τοῦς
774 3406 853 3477 παρά
875 3407 982 3461 τούτων
1006 3407 1112 3471 αύτούς
