2414 3840
101 185 165 249 142
528 188 689 236 -Ε-

101 352 242 435 δωρεαῖς
264 349 319 416 καὶ
344 346 388 414 δι’
411 348 547 415 ἐκείνων
571 345 624 412 ἐπὶ
646 348 708 431 τὴν
732 347 908 430 ἐκκλησίαν
930 345 1159 434 παραχθεὶςσα

99 459 160 539 τήν
188 480 222 522 τε
249 453 446 539 συγγένειαν
470 454 676 520 ἀνενεώσατο
699 455 761 538 τὴν
783 453 1003 539 ὑπάρχουσαν
1027 455 1118 543 αὐτῷ

100 563 183 648 πρὸς
209 564 271 646 την
297 564 396 627 πόλιν
424 559 479 626 καλ
506 561 564 636 τάς
591 560 780 644 εὐεργεσίας
809 559 1001 645 διεξῆλθεν,
1033 560 1072 639 ἃς
1099 561 1118 627 ὁ

99 670 232 746 πάππος
255 669 359 734 αὐτοῦ
382 668 501 744 πάσαις
525 667 698 753 ἐχαρίσατο
721 677 793 744 ταῖς
812 667 848 732 ἐν
867 671 1042 755 Τυρρηνία
1058 671 1118 734 πό-

79 781 183 858 ελεσι,
203 773 258 841 καὶ
276 776 334 851 τάς
348 776 521 857 συνθήκας
540 773 796 858 ὑπεμίμνησκεν,
820 772 859 851 ἃς
876 768 963 858 ἦσαν
981 797 1117 861 πεποιη-

99 880 194 965 μένοι
217 883 300 967 πρὸς
323 880 438 946 αὐτόν·
472 879 525 946 ἐπὶ
549 877 586 946 δὲ
608 882 739 958 τούτοις
762 881 864 947 άπασι
886 890 944 966 τῆς
966 887 1118 967 κατειλη-

100 990 202 1071 φυίας
230 987 332 1053 αὐτὸν
361 987 507 1073 ὠδύρετο
531 987 645 1071 τύχας,
674 987 718 1064 ώς
741 987 777 1053 ἐκ
800 988 944 1073 μεγάλης
967 987 1117 1055 ἐκπεσὼν

99 1093 315 1179 εὐδαιμονίας
338 1093 375 1160 ἐν
397 1092 503 1180 ἡμέρᾳ
527 1102 585 1180 μιᾷ
607 1094 735 1177 πλάνης
757 1092 812 1159 καὶ
834 1103 902 1159 τῶν
923 1093 1117 1179 ἀναγκαίων

100 1198 215 1282 ἐνδεὴς
253 1203 318 1265 σὺν
350 1201 438 1276 υίοῐς
472 1198 583 1282 τρισίν
615 1197 668 1265 ἐπὶ
699 1202 779 1277 τοὺς
811 1197 864 1284 ἐφ’
897 1199 1004 1292 ἑαυτῷ
1037 1223 1116 1268 ποτε

63 1281 89 1407 3⁹³⁰
98 1302 299 1388 γενομένους
321 1305 518 1389 ἠναγκάσθη
542 1318 756 1390 καταφυγεῖν.
789 1304 971 1385 διεξελθὼν
994 1303 1027 1373 δ’
1050 1303 1117 1375 ώδε

100 1419 202 1475 ταῦτα
225 1413 305 1494 μετά
327 1416 462 1477 πολλῶν
485 1418 605 1478 οίκτων
625 1436 661 1478 τε
679 1411 735 1478 καὶ
754 1415 909 1500 δακρύων
927 1415 1038 1480 ἔπεισε
1055 1417 1117 1481 τδν

100 1519 207 1601 δῆμον
238 1516 393 1604 πρέσβεις
425 1519 616 1584 ἀποστεῖλαι
645 1531 778 1606 πρῶτον
806 1523 854 1597 είς
875 1517 1005 1607 Ῥώμην
1033 1539 1117 1607 συμ-

99 1627 278 1708 βατηρίους
306 1623 470 1710 φέροντας
497 1622 581 1711 ὑπὲρ
605 1626 709 1691 αὐτοῦ
732 1630 869 1711 λόγους,
897 1626 942 1704 ώς
966 1629 1009 1712 δη
1033 1645 1117 1716 συμ-

98 1733 311 1816 πραττόντων
345 1731 434 1818 αύτώ
467 1743 534 1796 τῶν
563 1732 718 1797 δυνατῶν
750 1731 881 1798 ἐκεῖθεν
908 1731 965 1799 καλ
993 1741 1117 1821 συλλη-

63 1863 88 1904 15
98 1837 255 1922 νομένων
273 1847 331 1922 της
348 1840 510 1903 καθόδου.
545 1837 814 1922 ἀποδειχθέντων
833 1837 871 1905 δὲ
888 1844 1117 1926 πρεσβευτῶν,

99 1943 158 2020 οὓς
186 1944 285 2019 αὐτὸς
307 1945 493 2028 προείλετο,
525 1942 660 2020 διδάξας
682 1945 761 2020 τοὺς
784 1945 909 2031 άνδρας
931 1943 953 2009 δ
975 1947 1039 2031 χρη
1064 1947 1159 2014 λε’-85(

98 2075 171 2133 γειν
194 2074 229 2116 τε
252 2048 308 2116 καλ
330 2048 500 2134 πράττειν,
524 2045 579 2114 καὶ
602 2050 691 2134 παρά
713 2060 781 2115 τῶν
804 2054 869 2117 σὺν
892 2051 981 2140 αὐτῷ
1007 2054 1117 2137 φυγά-

99 2160 169 2223 δων
191 2157 367 2244 γράμματα
390 2157 471 2232 δοὺς
490 2157 619 2240 δεήσεις
637 2159 755 2241 ἔχοντα
772 2160 856 2245 πρὸς
872 2160 952 2236 τοὺς
970 2160 1118 2236 οἰκείους

98 2265 212 2330 αὐτῶν
232 2261 288 2329 καὶ
311 2266 442 2348 φίλους,
466 2260 635 2328 ἀπέστειλε
655 2261 819 2350 φέροντάς
836 2289 868 2330 τι
886 2264 943 2331 καὶ
961 2271 1115 2352 χρυσίον.

63 2398 89 2436 νο
165 2371 242 2437 IIII.
277 2366 379 2436 Οὗτοι
403 2370 439 2435 οἱ
458 2370 579 2456 άνδρες
601 2373 648 2447 είς
665 2365 793 2456 Ῥώμην
816 2371 974 2450 ἐλθόντες
997 2378 1116 2460 ἔλεγον

98 2477 151 2545 ἐπὶ
180 2488 238 2563 τῆς
265 2481 402 2562 βουλῆς,
428 2475 499 2542 Ὅτι
529 2478 714 2562 Ταρκύνιος
742 2476 831 2556 ἀξιοῖ
855 2481 968 2562 λαβὼν
995 2482 1116 2549 άδειαν

100 2586 213 2651 ἐλθεῖν
249 2586 314 2649 σὺν
350 2585 475 2667 ὀλίγοις
506 2594 639 2669 πρῶτον
671 2582 732 2668 μὲν
765 2583 819 2649 ἐπὶ
849 2587 886 2650 τὸ
920 2587 1114 2675 συνέδριον,

98 2694 208 2776 ὥσπερ
232 2688 301 2757 ἐστὶ
325 2692 468 2756 δίκαιον·
502 2685 600 2756 ἔπειτ’
622 2689 664 2755 άν
687 2691 772 2776 λάθῃ
795 2692 885 2776 παρὰ
907 2700 965 2776 τῆς
987 2696 1115 2780 βουλῆς

98 2800 135 2864 τδ
155 2799 357 2883 συγχώρημα
374 2799 448 2862 τότε
466 2796 521 2863 καὶ
540 2795 592 2863 ἐπὶ
611 2799 672 2881 την
688 2796 865 2882 ἐκκλησίαν
880 2797 995 2864 ἐλθεῖν
1009 2803 1115 2885 λόγον

59 2923 84 2964 25
99 2902 232 2988 ὑφέξων
255 2899 338 2989 ὑπὲρ
362 2903 517 2969 ἁπάντων
542 2899 589 2970 ὧν
611 2904 761 2987 ἔπραξεν,
784 2902 843 2986 ἀφ’
865 2899 906 2970 οὗ
924 2905 987 2988 τὴν
1005 2907 1115 2994 άρχὴν

98 3009 277 3094 παρέλαβε,
309 3009 365 3076 καὶ
398 3012 566 3088 δικασταῖς
597 3013 802 3097 χρησόμενος
834 3010 892 3076 ἐάν
924 3034 975 3088 τις
1006 3014 1114 3082 αὐτοῦ

170 3237 405 3330 1προαχθελςΒ
441 3258 536 3310 παραχ
520 3238 648 3329 χθεὶςΒι
737 3235 820 3294 6ἐπλ
842 3238 917 3293 ABb
955 3234 1019 3296 ἐπεὶ
1039 3242 1111 3316 Ba*

98 3309 279 3365 άπασιΑΒλ)
316 3309 405 3365 ίίπασ.
425 3310 470 3364 Ba
525 3306 608 3379 9ἐφ’
626 3305 715 3384 ἑαυτῷ
735 3310 788 3363 ΑΒ
825 3305 908 3381 ὑφ’“
894 3317 984 3365 εαυτῶ
1004 3312 1030 3366 R
1079 3321 1112 3370 15

97 3390 152 3436 τῶν
170 3384 347 3453 πρεσβευτῶν
365 3382 391 3435 A
462 3388 495 3435 21
516 3382 644 3463 βασιλεύς
664 3366 820 3452 Τάρκύνιος
882 3389 917 3438 23
936 3366 1057 3439 *ἐπειτα
1075 3383 1112 3440 δν

98 3453 120 3507 Ο
193 3459 228 3508 24
247 3449 342 3508 ἐλθεῖν
361 3454 415 3509 del.
433 3452 579 3521 Kiessling
