<?xml version="1.0" encoding="UTF-8"?>
<!DOCTYPE html PUBLIC "-//W3C//DTD XHTML 1.0 Transitional//EN"
    "http://www.w3.org/TR/xhtml1/DTD/xhtml1-transitional.dtd">
<html xmlns="http://www.w3.org/1999/xhtml" xml:lang="en" lang="en">
 <head>
  <title>
</title>
<meta http-equiv="Content-Type" content="text/html;charset=utf-8" />
  <meta name='ocr-system' content='tesseract 3.04.00' />
  <meta name='ocr-capabilities' content='ocr_page ocr_carea ocr_par ocr_line ocrx_word'/>
</head>
<body>
  <div class='ocr_page' id='page_1' title='image "./dionysihalicarn02diongoog_0070.png"; bbox 0 0 2414 3840; ppageno 0'>
   <div class='ocr_carea' id='block_1_1' title="bbox 505 145 1095 250">
    <p class='ocr_par' dir='ltr' id='par_1_1' title="bbox 505 145 1095 250">
     <span class='ocr_line' id='line_1_1' title="bbox 505 145 1095 250; baseline -0.005 1"><span class='ocrx_word' id='word_1_1' title='bbox 505 191 668 240; x_wconf 76' lang='grc' dir='ltr'><strong><em>-Δ-</em></strong></span> <span class='ocrx_word' id='word_1_2' title='bbox 925 145 929 150; x_wconf 58' lang='grc'><strong>’</strong></span> <span class='ocrx_word' id='word_1_3' title='bbox 1052 184 1095 250; x_wconf 83' lang='lat'><strong><em>59</em></strong></span> 
     </span>
    </p>
   </div>
   <div class='ocr_carea' id='block_1_2' title="bbox 30 348 1132 2917">
    <p class='ocr_par' dir='ltr' id='par_1_2' title="bbox 30 348 1132 2917">
     <span class='ocr_line' id='line_1_2' title="bbox 113 348 1097 436; baseline 0.002 -26"><span class='ocrx_word' id='word_1_4' title='bbox 113 355 158 429; x_wconf 76' lang='grc' dir='ltr'><strong><em>τῆς</em></strong></span> <span class='ocrx_word' id='word_1_5' title='bbox 180 351 364 434; x_wconf 82' lang='grc' dir='ltr'><strong><em>φρονήσεως</em></strong></span> <span class='ocrx_word' id='word_1_6' title='bbox 396 349 505 433; x_wconf 76' lang='grc' dir='ltr'><strong><em>ἀκμὴν</em></strong></span> <span class='ocrx_word' id='word_1_7' title='bbox 532 349 710 436; x_wconf 91' lang='grc' dir='ltr'><strong><em>τριάκοντα</em></strong></span> <span class='ocrx_word' id='word_1_8' title='bbox 737 348 884 432; x_wconf 84' lang='grc' dir='ltr'><strong><em>γεγονὼς</em></strong></span> <span class='ocrx_word' id='word_1_9' title='bbox 911 349 984 431; x_wconf 76' lang='grc' dir='ltr'><strong><em>ἔτη,</em></strong></span> <span class='ocrx_word' id='word_1_10' title='bbox 1017 349 1097 431; x_wconf 86' lang='grc' dir='ltr'><strong><em>μετά</em></strong></span> 
     </span>
     <span class='ocr_line' id='line_1_3' title="bbox 112 452 1097 542; baseline -0.001 -23"><span class='ocrx_word' id='word_1_11' title='bbox 112 464 159 520; x_wconf 85' lang='grc' dir='ltr'><strong><em>τού</em></strong></span> <span class='ocrx_word' id='word_1_12' title='bbox 175 458 272 542; x_wconf 92' lang='grc' dir='ltr'><strong><em>γάμου</em></strong></span> <span class='ocrx_word' id='word_1_13' title='bbox 294 465 353 542; x_wconf 79' lang='grc' dir='ltr'><strong><em>τῆς</em></strong></span> <span class='ocrx_word' id='word_1_14' title='bbox 374 457 545 541; x_wconf 78' lang='grc' dir='ltr'><strong><em>θυγατρὸς</em></strong></span> <span class='ocrx_word' id='word_1_15' title='bbox 562 455 618 523; x_wconf 78' lang='grc' dir='ltr'><strong><em>καὶ</em></strong></span> <span class='ocrx_word' id='word_1_16' title='bbox 636 457 676 521; x_wconf 89' lang='grc' dir='ltr'><strong><em>τά</em></strong></span> <span class='ocrx_word' id='word_1_17' title='bbox 695 463 752 540; x_wconf 82' lang='grc' dir='ltr'><strong><em>τῆς</em></strong></span> <span class='ocrx_word' id='word_1_18' title='bbox 770 457 897 531; x_wconf 89' lang='grc' dir='ltr'><strong><em>πόλεως</em></strong></span> <span class='ocrx_word' id='word_1_19' title='bbox 915 452 1097 539; x_wconf 75' lang='grc' dir='ltr'><strong><em>ἐγχειρίσαι</em></strong></span> 
     </span>
     <span class='ocr_line' id='line_1_4' title="bbox 110 558 1097 649; baseline 0 -23"><span class='ocrx_word' id='word_1_20' title='bbox 110 562 267 648; x_wconf 85' lang='grc' dir='ltr'><strong><em>πράγματα·</em></strong></span> <span class='ocrx_word' id='word_1_21' title='bbox 313 565 438 648; x_wconf 88' lang='grc' dir='ltr'><strong><em>ταύτην</em></strong></span> <span class='ocrx_word' id='word_1_22' title='bbox 465 562 506 649; x_wconf 84' lang='grc' dir='ltr'><strong><em>γέ</em></strong></span> <span class='ocrx_word' id='word_1_23' title='bbox 530 587 582 629; x_wconf 92' lang='grc' dir='ltr'><strong><em>τοι</em></strong></span> <span class='ocrx_word' id='word_1_24' title='bbox 608 564 671 648; x_wconf 83' lang='grc' dir='ltr'><strong><em>τὴν</em></strong></span> <span class='ocrx_word' id='word_1_25' title='bbox 697 561 830 646; x_wconf 76' lang='grc' dir='ltr'><strong><em>ἡλικίαν</em></strong></span> <span class='ocrx_word' id='word_1_26' title='bbox 857 564 943 646; x_wconf 78' lang='grc' dir='ltr'><strong><em>ἔχων</em></strong></span> <span class='ocrx_word' id='word_1_27' title='bbox 969 558 1026 627; x_wconf 83' lang='grc' dir='ltr'><strong><em>καὶ</em></strong></span> <span class='ocrx_word' id='word_1_28' title='bbox 1053 563 1097 626; x_wconf 84' lang='grc' dir='ltr'><strong><em>σὺ</em></strong></span> 
     </span>
     <span class='ocr_line' id='line_1_5' title="bbox 107 665 1097 756; baseline 0 -24"><span class='ocrx_word' id='word_1_29' title='bbox 107 670 154 733; x_wconf 88' lang='grc' dir='ltr'><strong><em>τόν</em></strong></span> <span class='ocrx_word' id='word_1_30' title='bbox 170 667 197 734; x_wconf 85' lang='grc' dir='ltr'><strong><em>τ’</em></strong></span> <span class='ocrx_word' id='word_1_31' title='bbox 221 666 315 739; x_wconf 82' lang='grc' dir='ltr'><strong><em>οἷκον</em></strong></span> <span class='ocrx_word' id='word_1_32' title='bbox 337 673 397 737; x_wconf 89' lang='grc' dir='ltr'><strong><em>τὸν</em></strong></span> <span class='ocrx_word' id='word_1_33' title='bbox 419 669 581 756; x_wconf 81' lang='grc' dir='ltr'><strong><em>ἡμέτερον</em></strong></span> <span class='ocrx_word' id='word_1_34' title='bbox 604 669 832 755; x_wconf 80' lang='grc' dir='ltr'><strong><em>ἐπιτροπεύειν</em></strong></span> <span class='ocrx_word' id='word_1_35' title='bbox 854 668 942 753; x_wconf 74' lang='grc' dir='ltr'><strong><em>ἤρξω</em></strong></span> <span class='ocrx_word' id='word_1_36' title='bbox 965 665 1021 733; x_wconf 81' lang='grc' dir='ltr'><strong><em>καλ</em></strong></span> <span class='ocrx_word' id='word_1_37' title='bbox 1039 677 1097 751; x_wconf 81' lang='grc' dir='ltr'><strong><em>τῆς</em></strong></span> 
     </span>
     <span class='ocr_line' id='line_1_6' title="bbox 102 777 1129 864; baseline 0.008 -24"><span class='ocrx_word' id='word_1_38' title='bbox 102 778 252 858; x_wconf 76' lang='grc' dir='ltr'><strong><em>βασιλείας</em></strong></span> <span class='ocrx_word' id='word_1_39' title='bbox 273 777 512 864; x_wconf 79' lang='grc' dir='ltr'><strong><em>ἐπιμελεῖσθαι.</em></strong></span> <span class='ocrx_word' id='word_1_40' title='bbox 1115 807 1129 848; x_wconf 84' lang='grc' dir='ltr'><strong><em>ο</em></strong></span> 
     </span>
     <span class='ocr_line' id='line_1_7' title="bbox 30 870 1096 990; baseline -0.001 -20"><span class='ocrx_word' id='word_1_41' title='bbox 30 870 33 951; x_wconf 51' lang='grc' dir='ltr'><strong><em>λ</em></strong></span> <span class='ocrx_word' id='word_1_42' title='bbox 153 903 283 970; x_wconf 84' lang='lat' dir='ltr'>XXXII.</span> <span class='ocrx_word' id='word_1_43' title='bbox 311 909 441 990; x_wconf 80' lang='grc' dir='ltr'><strong><em>Περιῆν</em></strong></span> <span class='ocrx_word' id='word_1_44' title='bbox 467 905 531 989; x_wconf 82' lang='grc' dir='ltr'><strong><em>γάρ</em></strong></span> <span class='ocrx_word' id='word_1_45' title='bbox 559 905 602 969; x_wconf 85' lang='grc' dir='ltr'><strong><em>ἀν</em></strong></span> <span class='ocrx_word' id='word_1_46' title='bbox 625 920 679 969; x_wconf 90' lang='grc' dir='ltr'><strong><em>σοι</em></strong></span> <span class='ocrx_word' id='word_1_47' title='bbox 701 912 804 969; x_wconf 89' lang='grc' dir='ltr'><strong><em>ταῦτα</em></strong></span> <span class='ocrx_word' id='word_1_48' title='bbox 825 903 985 990; x_wconf 82' lang='grc' dir='ltr'><strong><em>πράξαντι</em></strong></span> <span class='ocrx_word' id='word_1_49' title='bbox 1008 915 1096 990; x_wconf 85' lang='grc' dir='ltr'><strong><em>πρῶ-</em></strong></span> 
     </span>
     <span class='ocr_line' id='line_1_8' title="bbox 93 1008 1096 1098; baseline 0 -24"><span class='ocrx_word' id='word_1_50' title='bbox 93 1033 145 1075; x_wconf 90' lang='grc' dir='ltr'><strong><em>τον</em></strong></span> <span class='ocrx_word' id='word_1_51' title='bbox 166 1008 226 1095; x_wconf 76' lang='grc' dir='ltr'><strong><em>μὲν</em></strong></span> <span class='ocrx_word' id='word_1_52' title='bbox 249 1009 382 1094; x_wconf 77' lang='grc' dir='ltr'><strong><em>εὐσεβεῖ</em></strong></span> <span class='ocrx_word' id='word_1_53' title='bbox 400 1008 458 1076; x_wconf 82' lang='grc' dir='ltr'><strong><em>καὶ</em></strong></span> <span class='ocrx_word' id='word_1_54' title='bbox 476 1010 592 1098; x_wconf 76' lang='grc' dir='ltr'><strong><em>δικαίην</em></strong></span> <span class='ocrx_word' id='word_1_55' title='bbox 612 1008 781 1094; x_wconf 79' lang='grc' dir='ltr'><strong><em>λέγεσθαι,</em></strong></span> <span class='ocrx_word' id='word_1_56' title='bbox 806 1013 915 1076; x_wconf 82' lang='grc' dir='ltr'><strong><em>ἔπειτα</em></strong></span> <span class='ocrx_word' id='word_1_57' title='bbox 935 1015 1096 1095; x_wconf 89' lang='grc' dir='ltr'><strong><em>συμβασι-</em></strong></span> 
     </span>
     <span class='ocr_line' id='line_1_9' title="bbox 88 1115 1096 1204; baseline 0 -22"><span class='ocrx_word' id='word_1_58' title='bbox 88 1119 193 1183; x_wconf 86' lang='grc' dir='ltr'><strong><em>λεύειν</em></strong></span> <span class='ocrx_word' id='word_1_59' title='bbox 212 1115 284 1201; x_wconf 84' lang='grc' dir='ltr'><strong><em>ε’μολ</em></strong></span> <span class='ocrx_word' id='word_1_60' title='bbox 303 1115 360 1182; x_wconf 82' lang='grc' dir='ltr'><strong><em>καὶ</em></strong></span> <span class='ocrx_word' id='word_1_61' title='bbox 377 1118 484 1202; x_wconf 90' lang='grc' dir='ltr'><strong><em>πάσης</em></strong></span> <span class='ocrx_word' id='word_1_62' title='bbox 502 1115 650 1203; x_wconf 78' lang='grc' dir='ltr'><strong><em>μετέχειν</em></strong></span> <span class='ocrx_word' id='word_1_63' title='bbox 663 1126 768 1204; x_wconf 76' lang='grc' dir='ltr'><strong><em>τιμῆς,</em></strong></span> <span class='ocrx_word' id='word_1_64' title='bbox 792 1116 968 1204; x_wconf 81' lang='grc' dir='ltr'><strong><em>εὐεργέτην</em></strong></span> <span class='ocrx_word' id='word_1_65' title='bbox 987 1141 1022 1183; x_wconf 89' lang='grc' dir='ltr'><strong><em>τε</em></strong></span> <span class='ocrx_word' id='word_1_66' title='bbox 1041 1116 1096 1182; x_wconf 83' lang='grc' dir='ltr'><strong><em>καὶ</em></strong></span> 
     </span>
     <span class='ocr_line' id='line_1_10' title="bbox 83 1222 1094 1311; baseline 0.001 -21"><span class='ocrx_word' id='word_1_67' title='bbox 83 1223 206 1309; x_wconf 80' lang='grc' dir='ltr'><strong><em>πατέρα</em></strong></span> <span class='ocrx_word' id='word_1_68' title='bbox 227 1222 283 1290; x_wconf 78' lang='grc' dir='ltr'><strong><em>καὶ</em></strong></span> <span class='ocrx_word' id='word_1_69' title='bbox 302 1233 435 1311; x_wconf 78' lang='grc' dir='ltr'><strong><em>σωτῆρα</em></strong></span> <span class='ocrx_word' id='word_1_70' title='bbox 452 1222 508 1290; x_wconf 83' lang='grc' dir='ltr'><strong><em>καὶ</em></strong></span> <span class='ocrx_word' id='word_1_71' title='bbox 526 1225 644 1309; x_wconf 87' lang='grc' dir='ltr'><strong><em>πάντα,</em></strong></span> <span class='ocrx_word' id='word_1_72' title='bbox 669 1226 731 1292; x_wconf 81' lang='grc' dir='ltr'><strong><em>ὅσα</em></strong></span> <span class='ocrx_word' id='word_1_73' title='bbox 749 1227 927 1310; x_wconf 84' lang='grc' dir='ltr'><strong><em>τιμιώτατα</em></strong></span> <span class='ocrx_word' id='word_1_74' title='bbox 946 1225 1094 1310; x_wconf 85' lang='grc' dir='ltr'><strong><em>ὀνόματα</em></strong></span> 
     </span>
     <span class='ocr_line' id='line_1_11' title="bbox 80 1329 1132 1418; baseline 0.003 -20"><span class='ocrx_word' id='word_1_75' title='bbox 80 1329 136 1398; x_wconf 82' lang='grc' dir='ltr'><strong><em>ὑπ’</em></strong></span> <span class='ocrx_word' id='word_1_76' title='bbox 160 1332 352 1417; x_wconf 79' lang='grc' dir='ltr'><strong><em>ἀνθρώπων</em></strong></span> <span class='ocrx_word' id='word_1_77' title='bbox 380 1330 434 1397; x_wconf 80' lang='grc' dir='ltr'><strong><em>έπῖ</em></strong></span> <span class='ocrx_word' id='word_1_78' title='bbox 459 1336 574 1410; x_wconf 90' lang='grc' dir='ltr'><strong><em>καλοῖς</em></strong></span> <span class='ocrx_word' id='word_1_79' title='bbox 599 1342 704 1398; x_wconf 90' lang='grc' dir='ltr'><strong><em>κεῖται</em></strong></span> <span class='ocrx_word' id='word_1_80' title='bbox 726 1333 932 1418; x_wconf 81' lang='grc' dir='ltr'><strong><em>πράγμασιν,</em></strong></span> <span class='ocrx_word' id='word_1_81' title='bbox 961 1332 1096 1398; x_wconf 87' lang='grc' dir='ltr'><strong><em>ἀκούειν</em></strong></span> <span class='ocrx_word' id='word_1_82' title='bbox 1107 1362 1132 1401; x_wconf 86' lang='lat'><strong><em>10</em></strong></span> 
     </span>
     <span class='ocr_line' id='line_1_12' title="bbox 78 1436 1098 1525; baseline 0.001 -20"><span class='ocrx_word' id='word_1_83' title='bbox 78 1438 134 1505; x_wconf 84' lang='grc' dir='ltr'><strong><em>καὶ</em></strong></span> <span class='ocrx_word' id='word_1_84' title='bbox 168 1441 212 1523; x_wconf 81' lang='grc' dir='ltr'><strong><em>μὴ</em></strong></span> <span class='ocrx_word' id='word_1_85' title='bbox 243 1436 402 1524; x_wconf 90' lang='grc' dir='ltr'><strong><em>τέταρτον</em></strong></span> <span class='ocrx_word' id='word_1_86' title='bbox 431 1440 496 1524; x_wconf 78' lang='grc' dir='ltr'><strong><em>ἤδη</em></strong></span> <span class='ocrx_word' id='word_1_87' title='bbox 528 1448 628 1505; x_wconf 78' lang='grc' dir='ltr'><strong><em>τοῦτο</em></strong></span> <span class='ocrx_word' id='word_1_88' title='bbox 655 1437 711 1504; x_wconf 84' lang='grc' dir='ltr'><strong><em>καλ</em></strong></span> <span class='ocrx_word' id='word_1_89' title='bbox 737 1441 996 1525; x_wconf 85' lang='grc' dir='ltr'><strong><em>τετταρακοστὸν</em></strong></span> <span class='ocrx_word' id='word_1_90' title='bbox 1024 1442 1098 1518; x_wconf 77' lang='grc' dir='ltr'><strong><em>ἔτος</em></strong></span> 
     </span>
     <span class='ocr_line' id='line_1_13' title="bbox 74 1544 1095 1632; baseline 0.001 -20"><span class='ocrx_word' id='word_1_91' title='bbox 74 1547 277 1631; x_wconf 77' lang='grc' dir='ltr'><strong><em>ἀποστερεῖν</em></strong></span> <span class='ocrx_word' id='word_1_92' title='bbox 313 1571 354 1631; x_wconf 92' lang='grc' dir='ltr'><strong><em>με</em></strong></span> <span class='ocrx_word' id='word_1_93' title='bbox 389 1555 457 1611; x_wconf 78' lang='grc' dir='ltr'><strong><em>τῶν</em></strong></span> <span class='ocrx_word' id='word_1_94' title='bbox 488 1544 592 1630; x_wconf 78' lang='grc' dir='ltr'><strong><em>ἐμῶν,</em></strong></span> <span class='ocrx_word' id='word_1_95' title='bbox 630 1547 706 1612; x_wconf 89' lang='grc' dir='ltr'><strong><em>ούτε</em></strong></span> <span class='ocrx_word' id='word_1_96' title='bbox 739 1547 889 1631; x_wconf 83' lang='grc' dir='ltr'><strong><em>σώματος</em></strong></span> <span class='ocrx_word' id='word_1_97' title='bbox 920 1545 1095 1632; x_wconf 78' lang='grc' dir='ltr'><strong><em>ἀναπήρου</em></strong></span> 
     </span>
     <span class='ocr_line' id='line_1_14' title="bbox 73 1649 1097 1739; baseline 0 -20"><span class='ocrx_word' id='word_1_98' title='bbox 73 1657 224 1739; x_wconf 86' lang='grc' dir='ltr'><strong><em>τυχόντα</em></strong></span> <span class='ocrx_word' id='word_1_99' title='bbox 247 1654 324 1719; x_wconf 85' lang='grc' dir='ltr'><strong><em>ούτε</em></strong></span> <span class='ocrx_word' id='word_1_100' title='bbox 347 1654 498 1730; x_wconf 78' lang='grc' dir='ltr'><strong><em>διανοίας</em></strong></span> <span class='ocrx_word' id='word_1_101' title='bbox 514 1653 660 1736; x_wconf 70' lang='grc' dir='ltr'><strong><em>ἠλιθίου.</em></strong></span> <span class='ocrx_word' id='word_1_102' title='bbox 698 1649 796 1719; x_wconf 78' lang='grc' dir='ltr'><strong><em>ἔπειτ’</em></strong></span> <span class='ocrx_word' id='word_1_103' title='bbox 819 1653 945 1739; x_wconf 82' lang='grc' dir='ltr'><strong><em>ἐρωτᾶν</em></strong></span> <span class='ocrx_word' id='word_1_104' title='bbox 965 1678 1005 1737; x_wconf 91' lang='grc' dir='ltr'><strong><em>με</em></strong></span> <span class='ocrx_word' id='word_1_105' title='bbox 1023 1660 1097 1719; x_wconf 89' lang='grc' dir='ltr'><strong><em>τολ-</em></strong></span> 
     </span>
     <span class='ocr_line' id='line_1_15' title="bbox 74 1758 1100 1849; baseline 0.001 -25"><span class='ocrx_word' id='word_1_106' title='bbox 74 1769 159 1849; x_wconf 78' lang='grc' dir='ltr'><strong><em>μᾷς,</em></strong></span> <span class='ocrx_word' id='word_1_107' title='bbox 187 1761 224 1824; x_wconf 92' lang='grc' dir='ltr'><strong><em>τί</em></strong></span> <span class='ocrx_word' id='word_1_108' title='bbox 246 1760 368 1825; x_wconf 81' lang='grc' dir='ltr'><strong><em>παθὼν</em></strong></span> <span class='ocrx_word' id='word_1_109' title='bbox 392 1760 505 1826; x_wconf 89' lang='grc' dir='ltr'><strong><em>δεινὸν</em></strong></span> <span class='ocrx_word' id='word_1_110' title='bbox 528 1760 653 1846; x_wconf 75' lang='grc' dir='ltr'><strong><em>ἐχθρὸν</em></strong></span> <span class='ocrx_word' id='word_1_111' title='bbox 676 1760 826 1846; x_wconf 81' lang='grc' dir='ltr'><strong><em>ἡγοῦμαί</em></strong></span> <span class='ocrx_word' id='word_1_112' title='bbox 845 1777 882 1826; x_wconf 93' lang='grc' dir='ltr'><strong><em>σε</em></strong></span> <span class='ocrx_word' id='word_1_113' title='bbox 905 1758 960 1826; x_wconf 83' lang='grc' dir='ltr'><strong><em>καὶ</em></strong></span> <span class='ocrx_word' id='word_1_114' title='bbox 986 1762 1042 1825; x_wconf 87' lang='grc' dir='ltr'><strong><em>διά</em></strong></span> <span class='ocrx_word' id='word_1_115' title='bbox 1064 1764 1100 1825; x_wconf 90' lang='grc' dir='ltr'><strong><em>τί</em></strong></span> 
     </span>
     <span class='ocr_line' id='line_1_16' title="bbox 33 1842 1132 1971; baseline -0.004 -33"><span class='ocrx_word' id='word_1_116' title='bbox 33 1886 144 1938; x_wconf 71' lang='grc' dir='ltr'><strong><em>κεσου</em></strong></span> <span class='ocrx_word' id='word_1_117' title='bbox 175 1877 364 1953; x_wconf 79' lang='grc' dir='ltr'><strong><em>κατηγορῶ;</em></strong></span> <span class='ocrx_word' id='word_1_118' title='bbox 398 1868 441 1932; x_wconf 82' lang='grc' dir='ltr'><strong><em>σύ</em></strong></span> <span class='ocrx_word' id='word_1_119' title='bbox 469 1863 531 1952; x_wconf 75' lang='grc' dir='ltr'><strong><em>μέν</em></strong></span> <span class='ocrx_word' id='word_1_120' title='bbox 560 1863 623 1933; x_wconf 82' lang='grc' dir='ltr'><strong><em>οὖν</em></strong></span> <span class='ocrx_word' id='word_1_121' title='bbox 650 1868 831 1954; x_wconf 88' lang='grc' dir='ltr'><strong><em>ἀπόκριναί</em></strong></span> <span class='ocrx_word' id='word_1_122' title='bbox 854 1892 926 1952; x_wconf 86' lang='grc' dir='ltr'><strong><em>μοι,</em></strong></span> <span class='ocrx_word' id='word_1_123' title='bbox 964 1842 1132 1971; x_wconf 53' lang='grc' dir='ltr'><strong><em>Τύλλιεηῖ5</em></strong></span> 
     </span>
     <span class='ocr_line' id='line_1_17' title="bbox 75 1973 1096 2060; baseline -0.001 -18"><span class='ocrx_word' id='word_1_124' title='bbox 75 1979 173 2052; x_wconf 85' lang='grc' dir='ltr'><strong><em>τίνος</em></strong></span> <span class='ocrx_word' id='word_1_125' title='bbox 195 1976 301 2052; x_wconf 87' lang='grc' dir='ltr'><strong><em>αίτίας</em></strong></span> <span class='ocrx_word' id='word_1_126' title='bbox 323 1974 421 2060; x_wconf 88' lang='grc' dir='ltr'><strong><em>χάριν</em></strong></span> <span class='ocrx_word' id='word_1_127' title='bbox 444 1974 506 2040; x_wconf 85' lang='grc' dir='ltr'><strong><em>οὐκ</em></strong></span> <span class='ocrx_word' id='word_1_128' title='bbox 529 1973 633 2053; x_wconf 83' lang='grc' dir='ltr'><strong><em>ἀξιοῖς</em></strong></span> <span class='ocrx_word' id='word_1_129' title='bbox 655 1999 695 2060; x_wconf 90' lang='grc' dir='ltr'><strong><em>με</em></strong></span> <span class='ocrx_word' id='word_1_130' title='bbox 718 1987 785 2041; x_wconf 81' lang='grc' dir='ltr'><strong><em>τῶν</em></strong></span> <span class='ocrx_word' id='word_1_131' title='bbox 807 1985 868 2041; x_wconf 80' lang='grc' dir='ltr'><strong><em>τοῦ</em></strong></span> <span class='ocrx_word' id='word_1_132' title='bbox 891 1976 1027 2042; x_wconf 88' lang='grc' dir='ltr'><strong><em>πάππου</em></strong></span> <span class='ocrx_word' id='word_1_133' title='bbox 1049 2000 1096 2041; x_wconf 91' lang='grc' dir='ltr'><strong><em>τι-</em></strong></span> 
     </span>
     <span class='ocr_line' id='line_1_18' title="bbox 76 2079 1096 2169; baseline 0.001 -21"><span class='ocrx_word' id='word_1_134' title='bbox 76 2095 155 2168; x_wconf 83' lang='grc' dir='ltr'><strong><em>μῶν</em></strong></span> <span class='ocrx_word' id='word_1_135' title='bbox 176 2087 399 2167; x_wconf 76' lang='grc' dir='ltr'><strong><em>κληρονομεῖν</em></strong></span> <span class='ocrx_word' id='word_1_136' title='bbox 420 2079 475 2147; x_wconf 81' lang='grc' dir='ltr'><strong><em>καὶ</em></strong></span> <span class='ocrx_word' id='word_1_137' title='bbox 493 2084 568 2147; x_wconf 90' lang='grc' dir='ltr'><strong><em>τίνα</em></strong></span> <span class='ocrx_word' id='word_1_138' title='bbox 586 2084 758 2167; x_wconf 84' lang='grc' dir='ltr'><strong><em>πρόφασιν</em></strong></span> <span class='ocrx_word' id='word_1_139' title='bbox 776 2083 920 2169; x_wconf 78' lang='grc' dir='ltr'><strong><em>εὐπρεπῆ</em></strong></span> <span class='ocrx_word' id='word_1_140' title='bbox 940 2092 998 2167; x_wconf 74' lang='grc' dir='ltr'><strong><em>τῆς</em></strong></span> <span class='ocrx_word' id='word_1_141' title='bbox 1016 2083 1096 2149; x_wconf 88' lang='grc' dir='ltr'><strong><em>ἀπο-</em></strong></span> 
     </span>
     <span class='ocr_line' id='line_1_19' title="bbox 78 2189 1095 2276; baseline -0.002 -20"><span class='ocrx_word' id='word_1_142' title='bbox 78 2192 265 2275; x_wconf 81' lang='grc' dir='ltr'><strong><em>στερήσεως</em></strong></span> <span class='ocrx_word' id='word_1_143' title='bbox 298 2191 536 2273; x_wconf 86' lang='grc' dir='ltr'><strong><em>σκηπτόμενος;</em></strong></span> <span class='ocrx_word' id='word_1_144' title='bbox 573 2191 714 2272; x_wconf 89' lang='grc' dir='ltr'><strong><em>πότερον</em></strong></span> <span class='ocrx_word' id='word_1_145' title='bbox 749 2190 810 2276; x_wconf 86' lang='grc' dir='ltr'><strong><em>οὐχ</em></strong></span> <span class='ocrx_word' id='word_1_146' title='bbox 841 2190 1028 2274; x_wconf 79' lang='grc' dir='ltr'><strong><em>ἡγούμενος</em></strong></span> <span class='ocrx_word' id='word_1_147' title='bbox 1062 2189 1095 2267; x_wconf 82' lang='grc' dir='ltr'><strong><em>ἐξ</em></strong></span> 
     </span>
     <span class='ocr_line' id='line_1_20' title="bbox 78 2290 1097 2381; baseline -0.002 -19"><span class='ocrx_word' id='word_1_148' title='bbox 78 2296 212 2362; x_wconf 89' lang='grc' dir='ltr'><strong><em>έκείνου</em></strong></span> <span class='ocrx_word' id='word_1_149' title='bbox 239 2293 360 2379; x_wconf 85' lang='grc' dir='ltr'><strong><em>γένους</em></strong></span> <span class='ocrx_word' id='word_1_150' title='bbox 386 2290 476 2361; x_wconf 79' lang='grc' dir='ltr'><strong><em>εἷναί</em></strong></span> <span class='ocrx_word' id='word_1_151' title='bbox 500 2319 539 2381; x_wconf 91' lang='grc' dir='ltr'><strong><em>με</em></strong></span> <span class='ocrx_word' id='word_1_152' title='bbox 567 2299 722 2381; x_wconf 80' lang='grc' dir='ltr'><strong><em>γνήσιον,</em></strong></span> <span class='ocrx_word' id='word_1_153' title='bbox 753 2293 826 2362; x_wconf 84' lang='grc' dir='ltr'><strong><em>ἀλλ’</em></strong></span> <span class='ocrx_word' id='word_1_154' title='bbox 853 2297 1097 2380; x_wconf 83' lang='grc' dir='ltr'><strong><em>ὑποβολιμαῖόν</em></strong></span> 
     </span>
     <span class='ocr_line' id='line_1_21' title="bbox 78 2397 1131 2490; baseline 0 -21"><span class='ocrx_word' id='word_1_155' title='bbox 78 2428 156 2469; x_wconf 88' lang='grc' dir='ltr'><strong><em>τινα</em></strong></span> <span class='ocrx_word' id='word_1_156' title='bbox 187 2399 244 2467; x_wconf 82' lang='grc' dir='ltr'><strong><em>καὶ</em></strong></span> <span class='ocrx_word' id='word_1_157' title='bbox 275 2405 398 2481; x_wconf 72' lang='grc' dir='ltr'><strong><em>νόθους</em></strong></span> <span class='ocrx_word' id='word_1_158' title='bbox 431 2405 467 2466; x_wconf 91' lang='grc' dir='ltr'><strong><em>τί</em></strong></span> <span class='ocrx_word' id='word_1_159' title='bbox 496 2397 559 2468; x_wconf 84' lang='grc' dir='ltr'><strong><em>οὖν</em></strong></span> <span class='ocrx_word' id='word_1_160' title='bbox 587 2401 801 2485; x_wconf 82' lang='grc' dir='ltr'><strong><em>ἐπετρόπευες</em></strong></span> <span class='ocrx_word' id='word_1_161' title='bbox 828 2404 888 2469; x_wconf 89' lang='grc' dir='ltr'><strong><em>τὸν</em></strong></span> <span class='ocrx_word' id='word_1_162' title='bbox 917 2403 1131 2490; x_wconf 84' lang='grc' dir='ltr'><strong><em>άλλότριονεο</em></strong></span> 
     </span>
     <span class='ocr_line' id='line_1_22' title="bbox 78 2504 1092 2594; baseline 0.004 -21"><span class='ocrx_word' id='word_1_163' title='bbox 78 2518 141 2576; x_wconf 86' lang='grc' dir='ltr'><strong><em>τοῦ</em></strong></span> <span class='ocrx_word' id='word_1_164' title='bbox 162 2507 285 2592; x_wconf 91' lang='grc' dir='ltr'><strong><em>γένους</em></strong></span> <span class='ocrx_word' id='word_1_165' title='bbox 306 2507 362 2574; x_wconf 80' lang='grc' dir='ltr'><strong><em>καὶ</em></strong></span> <span class='ocrx_word' id='word_1_166' title='bbox 382 2510 442 2575; x_wconf 89' lang='grc' dir='ltr'><strong><em>τὸν</em></strong></span> <span class='ocrx_word' id='word_1_167' title='bbox 461 2504 555 2575; x_wconf 78' lang='grc' dir='ltr'><strong><em>οἷκον</em></strong></span> <span class='ocrx_word' id='word_1_168' title='bbox 573 2508 784 2594; x_wconf 80' lang='grc' dir='ltr'><strong><em>ἀνδρωθέντι</em></strong></span> <span class='ocrx_word' id='word_1_169' title='bbox 803 2509 995 2589; x_wconf 88' lang='grc' dir='ltr'><strong><em>άπεδίδους;</em></strong></span> <span class='ocrx_word' id='word_1_170' title='bbox 1020 2509 1092 2577; x_wconf 87' lang='grc' dir='ltr'><strong><em>ἀλλ’</em></strong></span> 
     </span>
     <span class='ocr_line' id='line_1_23' title="bbox 79 2611 1096 2702; baseline 0.004 -20"><span class='ocrx_word' id='word_1_171' title='bbox 79 2621 128 2682; x_wconf 80' lang='grc' dir='ltr'><strong><em>ἔτι</em></strong></span> <span class='ocrx_word' id='word_1_172' title='bbox 159 2618 307 2701; x_wconf 83' lang='grc' dir='ltr'><strong><em>νομίζων</em></strong></span> <span class='ocrx_word' id='word_1_173' title='bbox 339 2640 378 2701; x_wconf 93' lang='grc' dir='ltr'><strong><em>με</em></strong></span> <span class='ocrx_word' id='word_1_174' title='bbox 408 2616 561 2702; x_wconf 85' lang='grc' dir='ltr'><strong><em>ὀρφανὸν</em></strong></span> <span class='ocrx_word' id='word_1_175' title='bbox 593 2611 679 2682; x_wconf 83' lang='grc' dir='ltr'><strong><em>εἶναι</em></strong></span> <span class='ocrx_word' id='word_1_176' title='bbox 711 2619 814 2683; x_wconf 90' lang='grc' dir='ltr'><strong><em>παῖδα</em></strong></span> <span class='ocrx_word' id='word_1_177' title='bbox 845 2616 900 2683; x_wconf 85' lang='grc' dir='ltr'><strong><em>καὶ</em></strong></span> <span class='ocrx_word' id='word_1_178' title='bbox 932 2620 972 2684; x_wconf 88' lang='grc' dir='ltr'><strong><em>τά</em></strong></span> <span class='ocrx_word' id='word_1_179' title='bbox 998 2623 1096 2686; x_wconf 85' lang='grc' dir='ltr'><strong><em>κοινά</em></strong></span> 
     </span>
     <span class='ocr_line' id='line_1_24' title="bbox 78 2721 1096 2810; baseline 0.003 -21"><span class='ocrx_word' id='word_1_180' title='bbox 78 2723 237 2810; x_wconf 85' lang='grc' dir='ltr'><strong><em>πράττειν</em></strong></span> <span class='ocrx_word' id='word_1_181' title='bbox 265 2722 447 2807; x_wconf 86' lang='grc' dir='ltr'><strong><em>ἀδύνατον,</em></strong></span> <span class='ocrx_word' id='word_1_182' title='bbox 476 2721 513 2800; x_wconf 87' lang='grc' dir='ltr'><strong><em>ὃς</em></strong></span> <span class='ocrx_word' id='word_1_183' title='bbox 540 2723 582 2789; x_wconf 86' lang='grc' dir='ltr'><strong><em>οὐ</em></strong></span> <span class='ocrx_word' id='word_1_184' title='bbox 608 2727 695 2789; x_wconf 89' lang='grc' dir='ltr'><strong><em>πολὺ</em></strong></span> <span class='ocrx_word' id='word_1_185' title='bbox 722 2723 832 2809; x_wconf 85' lang='grc' dir='ltr'><strong><em>ἀπέχω</em></strong></span> <span class='ocrx_word' id='word_1_186' title='bbox 859 2747 1096 2810; x_wconf 90' lang='grc' dir='ltr'><strong><em>πεντηκονταε-</em></strong></span> 
     </span>
     <span class='ocr_line' id='line_1_25' title="bbox 79 2827 1096 2917; baseline 0.004 -22"><span class='ocrx_word' id='word_1_187' title='bbox 79 2835 166 2910; x_wconf 82' lang='grc' dir='ltr'><strong><em>τίας;</em></strong></span> <span class='ocrx_word' id='word_1_188' title='bbox 198 2829 363 2914; x_wconf 79' lang='grc' dir='ltr'><strong><em>κατάβαλε</em></strong></span> <span class='ocrx_word' id='word_1_189' title='bbox 391 2827 456 2912; x_wconf 75' lang='grc' dir='ltr'><strong><em>[δὲ]</em></strong></span> <span class='ocrx_word' id='word_1_190' title='bbox 484 2831 545 2914; x_wconf 80' lang='grc' dir='ltr'><strong><em>τὴν</em></strong></span> <span class='ocrx_word' id='word_1_191' title='bbox 573 2833 747 2917; x_wconf 79' lang='grc' dir='ltr'><strong><em>εἰρωνείαν</em></strong></span> <span class='ocrx_word' id='word_1_192' title='bbox 773 2842 840 2896; x_wconf 85' lang='grc' dir='ltr'><strong><em>τῶν</em></strong></span> <span class='ocrx_word' id='word_1_193' title='bbox 864 2832 1096 2916; x_wconf 86' lang='grc' dir='ltr'><strong><em>ἀναισχύντων</em></strong></span> 
     </span>
    </p>
   </div>
   <div class='ocr_carea' id='block_1_3' title="bbox 78 3075 1097 3504">
    <p class='ocr_par' dir='ltr' id='par_1_3' title="bbox 78 3075 1097 3504">
     <span class='ocr_line' id='line_1_26' title="bbox 151 3075 1097 3149; baseline 0.002 -16"><span class='ocrx_word' id='word_1_194' title='bbox 151 3087 168 3134; x_wconf 80' lang='lat'>2</span> <span class='ocrx_word' id='word_1_195' title='bbox 188 3079 331 3149; x_wconf 77' lang='grc' dir='ltr'><strong><em>θυγατρὸς</em></strong></span> <span class='ocrx_word' id='word_1_196' title='bbox 349 3075 408 3132; x_wconf 78' lang='grc' dir='ltr'><strong><em>ἔδει</em></strong></span> <span class='ocrx_word' id='word_1_197' title='bbox 427 3077 449 3132; x_wconf 94' lang='grc' dir='ltr'>Ο</span> <span class='ocrx_word' id='word_1_198' title='bbox 467 3077 616 3148; x_wconf 75' lang='lat' dir='ltr'>praeterB</span> <span class='ocrx_word' id='word_1_199' title='bbox 654 3082 686 3132; x_wconf 92' lang='grc'><strong><em>11</em></strong></span> <span class='ocrx_word' id='word_1_200' title='bbox 706 3077 755 3132; x_wconf 78' lang='grc' dir='ltr'><strong><em>καί</em></strong></span> <span class='ocrx_word' id='word_1_201' title='bbox 773 3095 827 3133; x_wconf 87' lang='lat' dir='ltr'><strong><em>om.</em></strong></span> <span class='ocrx_word' id='word_1_202' title='bbox 841 3079 864 3132; x_wconf 91' lang='grc' dir='ltr'>Β</span> <span class='ocrx_word' id='word_1_203' title='bbox 880 3081 885 3148; x_wconf 91' lang='grc'>1</span> <span class='ocrx_word' id='word_1_204' title='bbox 900 3082 967 3148; x_wconf 78' lang='lat' dir='ltr'><strong>post</strong></span> <span class='ocrx_word' id='word_1_205' title='bbox 980 3080 1097 3137; x_wconf 81' lang='grc' dir='ltr'><strong><em>ἀκούειν</em></strong></span> 
     </span>
     <span class='ocr_line' id='line_1_27' title="bbox 79 3148 1095 3226; baseline -0.001 -20"><span class='ocrx_word' id='word_1_206' title='bbox 79 3148 341 3220; x_wconf 72' lang='lat' dir='ltr'>interpungendum</span> <span class='ocrx_word' id='word_1_207' title='bbox 359 3152 444 3217; x_wconf 76' lang='lat' dir='ltr'>atque</span> <span class='ocrx_word' id='word_1_208' title='bbox 463 3148 654 3203; x_wconf 77' lang='lat' dir='ltr'><strong>scribendum:</strong></span> <span class='ocrx_word' id='word_1_209' title='bbox 674 3148 802 3205; x_wconf 86' lang='grc' dir='ltr'><strong><em>ἀκούειν·</em></strong></span> <span class='ocrx_word' id='word_1_210' title='bbox 821 3159 874 3206; x_wconf 82' lang='grc' dir='ltr'><strong><em>νῦν</em></strong></span> <span class='ocrx_word' id='word_1_211' title='bbox 893 3148 926 3206; x_wconf 78' lang='grc' dir='ltr'><strong><em>δὲ</em></strong></span> <span class='ocrx_word' id='word_1_212' title='bbox 937 3183 969 3191; x_wconf 92' lang='grc'>-</span> <span class='ocrx_word' id='word_1_213' title='bbox 981 3155 1095 3226; x_wconf 79' lang='grc' dir='ltr'><strong><em>τολμᾴςς</em></strong></span> 
     </span>
     <span class='ocr_line' id='line_1_28' title="bbox 79 3219 1096 3290; baseline -0.002 -15"><span class='ocrx_word' id='word_1_214' title='bbox 79 3239 103 3278; x_wconf 86' lang='lat' dir='ltr'><strong><em>c.</em></strong></span> <span class='ocrx_word' id='word_1_215' title='bbox 122 3220 269 3290; x_wconf 80' lang='lat' dir='ltr'>Kiessling</span> <span class='ocrx_word' id='word_1_216' title='bbox 284 3224 288 3287; x_wconf 93' lang='grc' dir='ltr'>Ι</span> <span class='ocrx_word' id='word_1_217' title='bbox 304 3228 386 3275; x_wconf 86' lang='grc' dir='ltr'><strong><em>τοῦτο</em></strong></span> <span class='ocrx_word' id='word_1_218' title='bbox 405 3219 469 3274; x_wconf 79' lang='lat' dir='ltr'><strong>add.</strong></span> <span class='ocrx_word' id='word_1_219' title='bbox 488 3221 511 3273; x_wconf 94' lang='grc' dir='ltr'>Β</span> <span class='ocrx_word' id='word_1_220' title='bbox 576 3226 609 3274; x_wconf 88' lang='grc'><strong><em>13</em></strong></span> <span class='ocrx_word' id='word_1_221' title='bbox 628 3221 758 3284; x_wconf 75' lang='grc' dir='ltr'><strong><em>διανοίας</em></strong></span> <span class='ocrx_word' id='word_1_222' title='bbox 776 3223 840 3276; x_wconf 78' lang='lat' dir='ltr'>add.</span> <span class='ocrx_word' id='word_1_223' title='bbox 860 3221 883 3274; x_wconf 94' lang='grc' dir='ltr'><strong>Β</strong></span> <span class='ocrx_word' id='word_1_224' title='bbox 948 3228 982 3275; x_wconf 87' lang='grc'><strong><em>14</em></strong></span> <span class='ocrx_word' id='word_1_225' title='bbox 1000 3222 1096 3276; x_wconf 86' lang='grc' dir='ltr'><strong><em>δεινὸν</em></strong></span> 
     </span>
     <span class='ocr_line' id='line_1_29' title="bbox 78 3288 1093 3376; baseline -0.004 -30"><span class='ocrx_word' id='word_1_226' title='bbox 78 3293 135 3347; x_wconf 85' lang='lat' dir='ltr'>del.</span> <span class='ocrx_word' id='word_1_227' title='bbox 161 3293 264 3346; x_wconf 79' lang='lat' dir='ltr'>Garrer</span> <span class='ocrx_word' id='word_1_228' title='bbox 283 3290 349 3346; x_wconf 83' lang='lat' dir='ltr'>Obs.</span> <span class='ocrx_word' id='word_1_229' title='bbox 368 3309 394 3376; x_wconf 78' lang='grc' dir='ltr'><strong><em>ρ.</em></strong></span> <span class='ocrx_word' id='word_1_230' title='bbox 414 3297 449 3345; x_wconf 77' lang='lat'><strong><em>20</em></strong></span> <span class='ocrx_word' id='word_1_231' title='bbox 538 3297 570 3346; x_wconf 81' lang='lat'><strong><em>17</em></strong></span> <span class='ocrx_word' id='word_1_232' title='bbox 590 3288 735 3359; x_wconf 79' lang='grc' dir='ltr'><strong><em>πρόφασιν</em></strong></span> <span class='ocrx_word' id='word_1_233' title='bbox 759 3294 851 3364; x_wconf 82' lang='grc' dir='ltr'><strong><em>εὑρεῖν</em></strong></span> <span class='ocrx_word' id='word_1_234' title='bbox 870 3292 892 3346; x_wconf 93' lang='lat'>0</span> <span class='ocrx_word' id='word_1_235' title='bbox 916 3293 1028 3360; x_wconf 77' lang='lat' dir='ltr'>praeter</span> <span class='ocrx_word' id='word_1_236' title='bbox 1045 3291 1068 3342; x_wconf 94' lang='lat' dir='ltr'><strong>B</strong></span> <span class='ocrx_word' id='word_1_237' title='bbox 1090 3288 1093 3355; x_wconf 91' lang='grc' dir='ltr'>Ι</span> 
     </span>
     <span class='ocr_line' id='line_1_30' title="bbox 78 3356 1095 3435; baseline -0.009 -16"><span class='ocrx_word' id='word_1_238' title='bbox 78 3361 234 3435; x_wconf 81' lang='grc' dir='ltr'><strong><em>ἀπρεπῆΑ</em></strong></span> <span class='ocrx_word' id='word_1_239' title='bbox 293 3369 325 3418; x_wconf 88' lang='grc'><strong><em>19</em></strong></span> <span class='ocrx_word' id='word_1_240' title='bbox 344 3361 467 3433; x_wconf 84' lang='grc' dir='ltr'><strong><em>γενοςΑ</em></strong></span> <span class='ocrx_word' id='word_1_241' title='bbox 534 3367 567 3416; x_wconf 79' lang='lat'><strong><em>21</em></strong></span> <span class='ocrx_word' id='word_1_242' title='bbox 587 3361 658 3415; x_wconf 82' lang='grc' dir='ltr'><strong><em>ἀλλὰ</em></strong></span> <span class='ocrx_word' id='word_1_243' title='bbox 676 3361 707 3414; x_wconf 89' lang='grc' dir='ltr'><strong><em>τί</em></strong></span> <span class='ocrx_word' id='word_1_244' title='bbox 720 3364 746 3417; x_wconf 88' lang='grc' dir='ltr'><strong>Α</strong></span> <span class='ocrx_word' id='word_1_245' title='bbox 808 3371 843 3420; x_wconf 78' lang='lat'><strong><em>24</em></strong></span> <span class='ocrx_word' id='word_1_246' title='bbox 862 3359 1001 3432; x_wconf 86' lang='grc' dir='ltr'><strong><em>κατάβαλε</em></strong></span> <span class='ocrx_word' id='word_1_247' title='bbox 1021 3356 1095 3413; x_wconf 76' lang='grc' dir='ltr'><strong><em>δὲΟ</em></strong></span> 
     </span>
     <span class='ocr_line' id='line_1_31' title="bbox 78 3428 1097 3504; baseline -0.011 -14"><span class='ocrx_word' id='word_1_248' title='bbox 78 3457 104 3490; x_wconf 88' lang='grc' dir='ltr'><strong><em>κ.</em></strong></span> <span class='ocrx_word' id='word_1_249' title='bbox 128 3434 165 3503; x_wconf 84' lang='grc' dir='ltr'><strong><em>δὴ</em></strong></span> <span class='ocrx_word' id='word_1_250' title='bbox 184 3433 330 3503; x_wconf 82' lang='lat' dir='ltr'>Kiessling</span> <span class='ocrx_word' id='word_1_251' title='bbox 366 3429 397 3487; x_wconf 66' lang='grc' dir='ltr'><strong><em>δὲ</em></strong></span> <span class='ocrx_word' id='word_1_252' title='bbox 417 3432 510 3488; x_wconf 81' lang='lat' dir='ltr'>delevi</span> <span class='ocrx_word' id='word_1_253' title='bbox 546 3430 688 3504; x_wconf 84' lang='grc' dir='ltr'><strong><em>κατάβαλε</em></strong></span> <span class='ocrx_word' id='word_1_254' title='bbox 707 3431 761 3503; x_wconf 74' lang='grc' dir='ltr'><strong><em>ἤδη</em></strong></span> <span class='ocrx_word' id='word_1_255' title='bbox 782 3452 804 3490; x_wconf 83' lang='lat' dir='ltr'><strong><em>e.</em></strong></span> <span class='ocrx_word' id='word_1_256' title='bbox 824 3433 913 3489; x_wconf 78' lang='lat' dir='ltr'>cobet</span> <span class='ocrx_word' id='word_1_257' title='bbox 931 3428 995 3483; x_wconf 85' lang='lat' dir='ltr'>obs.</span> <span class='ocrx_word' id='word_1_258' title='bbox 1015 3447 1042 3498; x_wconf 85' lang='lat' dir='ltr'><strong><em>p.</em></strong></span> <span class='ocrx_word' id='word_1_259' title='bbox 1061 3431 1097 3480; x_wconf 76' lang='lat'><strong><em>84</em></strong></span> 
     </span>
    </p>
   </div>
   <div class='ocr_carea' id='block_1_4' title="bbox 0 0 1217 3840">
    <p class='ocr_par' dir='ltr' id='par_1_4' title="bbox 0 0 1217 3840">
     <span class='ocr_line' id='line_1_32' title="bbox 0 0 1217 3840; baseline 0 0"><span class='ocrx_word' id='word_1_260' title='bbox 0 0 1217 3840; x_wconf 95' lang='lat' dir='ltr'><strong><em> </em></strong></span> 
     </span>
    </p>
   </div>
  </div>
 </body>
</html>
