2414 3840
1 147 158 222 κιο
520 162 683 211 -Ε-

94 321 294 407 προβούλων
317 321 399 384 κατά
421 329 517 404 νοῦν,
541 318 612 386 ἀλλ’
635 319 672 387 ἐν
696 317 815 406 ἑκάστη
837 320 933 385 πόλει
955 322 1038 398 τοὺς
1057 347 1061 383 ι

96 429 252 512 μοτικοὺς
279 426 487 492 ἀναδύεσθαι
514 428 574 492 τὸν
598 429 759 511 πόλεμον,
787 423 843 492 καὶ
865 429 1005 504 πλείους
1027 421 1061 493 εί

96 536 174 611 τοὺς
202 533 377 613 ἀξιοῦντας
404 532 517 617 μένειν
544 535 602 610 τάς
629 534 776 611 σπονδάς
797 543 865 599 τῶν
889 532 1061 598 διαλελύσί

95 641 276 723 λεγόντων·
313 636 365 704 ἐπὶ
391 636 429 705 δὲ
450 641 529 717 τοὺς
552 639 589 705 ἐν
615 639 745 726 Φιδήνη
768 641 828 705 τὸν
851 637 968 725 ἕτερον
992 639 1061 726 ἐφη

67 761 198 811 ισαντο
221 755 289 810 τῶν
311 744 446 811 ὑπάτων
468 747 606 812 Μάνιον
631 747 775 844 Τύλλιον
798 746 992 812 ἀποστεῖλαι
1015 761 1061 821 στι

97 853 172 916 τιδιν
205 853 329 935 ἀγοντα
360 855 500 938 πολλήν·
548 851 584 929 ὃς
616 852 728 936 ἐπειδὴ
761 854 822 936 τὴν
854 854 969 939 χώραν
1001 853 1061 918 αὐτ

96 957 224 1044 ἐδῄωσε
246 959 328 1024 κατὰ
351 960 479 1042 πολλὴν
501 960 618 1024 άδειαν
641 958 780 1038 οὐδενὸς
802 957 885 1042 ὑπὲρ
909 959 1012 1044 αὐτῆς
1031 959 1061 1044 ἀγ

95 1062 251 1150 νομένου,
275 1069 418 1149 πλησίον
435 1074 496 1131 τοῦ
513 1068 642 1150 τείχους
659 1065 1061 1151 καταστρατοπεδευσάμει

99 1171 261 1257 ἐφύλαττε
279 1169 352 1256 μήτ’
372 1172 494 1258 ἀγοράς
511 1172 706 1255 εἰσάγεσθαι
723 1182 794 1250 τοῖς
812 1174 913 1237 ἔνδον
926 1175 1009 1257 μήτε
1028 1173 1061 1238 ὅτ

57 1251 178 1377 {mm
210 1280 315 1361 ἀλλην
347 1281 510 1362 βοήθειαν
542 1279 715 1363 μηδεμίαν.
764 1279 943 1362 Φιδηναῖοι
976 1275 1040 1363 μὲν

97 1386 258 1469 τειχήρεις
276 1382 431 1467 ἐγένοντο
449 1382 505 1449 καί
523 1386 606 1471 πρὸς
623 1387 680 1461 τάς
694 1387 852 1450 Λατίνων
869 1383 1061 1470 ἐπρεσβεύα

98 1493 210 1568 πόλεις
242 1491 395 1576 δεόμενοι
426 1494 556 1576 ταχείας
588 1493 787 1575 συμμαχίας·
825 1491 860 1555 οί
888 1487 925 1555 δὲ
953 1507 1061 1576 προεσ

84 1599 193 1673 ,κότες
216 1607 282 1662 τῶν
300 1600 466 1680 Λατίνων,
491 1597 617 1682 ἀγοράν
640 1596 859 1682 ποιησάμενοι
881 1609 949 1662 τῶν
974 1600 1061 1663 πόλει

106 1706 303 1790 Ταρκυνίοις
330 1728 365 1786 τε
393 1698 494 1780 αὖθις
522 1703 702 1780 ἀποδόντες
729 1705 833 1788 λόγον
854 1701 910 1769 καὶ
932 1715 1005 1782 τοῖς
1027 1727 1061 1770 πι

59 1833 86 1874 ιι
100 1822 167 1877 τῶν
190 1808 484 1896 πολιορκουμένων
502 1811 653 1894 ἥκουσιν,
679 1808 821 1875 ἐκάλουν
835 1813 914 1886 τοὺς
928 1809 1061 1898 συνέδρι

101 1919 148 1995 είς
166 1917 336 2003 ἀπόφασιν
355 1917 499 2000 γνώμης,
517 1920 592 1981 τίνα
606 1917 668 2002 χρὴ
683 1921 840 2001 πολεμεῖν
862 1921 1062 2000 Ρωμαίοιςτ

98 2045 174 2108 πον,
197 2023 261 2090 ἀπὸ
284 2032 352 2088 τῶν
373 2023 610 2108 πρεσβυτάτων
632 2045 667 2087 τε
690 2019 744 2088 καὶ
765 2022 1041 2107 ἐπιφανεστάτων
1059 2076 1061 2079 -

60 2135 83 2198 4
102 2130 243 2217 ξάμενοι.
279 2133 414 2196 πολλῶν
442 2124 479 2193 δὲ
502 2126 678 2220 ῥηθέντων
700 2131 811 2211 λόγων
833 2126 888 2194 καὶ
910 2128 989 2214 περὶ
1011 2131 1061 2196 αὐ

100 2245 161 2303 τοῦ
179 2236 326 2321 πολέμου
344 2245 488 2321 πρῶτον,
508 2237 539 2300 εί
556 2232 627 2301 δέοι
647 2235 749 2300 αὐτὸν
768 2235 983 2323 ἐπικυρῶσαι,
1003 2239 1041 2303 οί
1056 2267 1061 2324 χ

60 2368 88 2409 ιο
99 2342 383 2431 ταραχωδέστεροι
409 2352 477 2407 τῶν
505 2339 679 2427 συνέδρων
705 2342 766 2407 τὸν
793 2341 931 2426 βασιλέα
959 2345 1061 2429 κατάγ

100 2451 153 2518 ἐπὶ
180 2452 242 2534 τὴν
269 2449 375 2535 ἀρχὴν
402 2447 519 2532 ἠξίουν
541 2445 597 2512 καί
623 2447 819 2532 Φιδηναίοις
840 2452 985 2533 βοηθεῖν
1012 2473 1061 2516 πα

101 2576 198 2624 νουν·
236 2555 273 2622 ἐν
300 2554 492 2640 ἡγεμονίαις
518 2550 580 2639 μὲν
609 2555 809 2638 βουλόμενοι
831 2552 995 2637 γενέσθαι
1018 2571 1060 2622 στ

101 2673 266 2738 τιωτικαῑς
283 2658 338 2727 καὶ
356 2661 558 2748 πραγμάτων
576 2660 772 2744 ἐφάψασθαι
791 2661 955 2744 μεγάλων,
975 2662 1061 2746 μάλα

103 2766 134 2834 δ’
156 2769 192 2835 oc
217 2770 413 2844 δυναστείας
438 2765 495 2833 καὶ
521 2766 722 2852 τυραννίδος
748 2764 786 2831 ἐν
808 2777 880 2844 ταῖς
903 2765 1035 2834 ἑαυτῶν
1056 2798 1061 2835 :

63 2898 90 2940 ω
100 2876 211 2962 τρίσιν
225 2873 375 2960 ἐρῶντες,
389 2873 432 2957 ἣν
446 2873 768 2956 συγκατασκευάσειν
782 2872 896 2951 αὐτοῖς
909 2878 1061 2959 Ταρκυνί

104 2982 280 3049 ἐπείθοντο
302 2980 364 3063 την
382 2975 551 3065 Ῥωμαίων
574 2979 680 3065 ἀρχὴν
699 2978 1000 3066 ἀνακτησαμένους.
1031 2985 1061 3048 ολ

104 3088 332 3174 εὐπορώτατοί
351 3110 386 3152 τε
408 3085 464 3152 καί
485 3082 720 3152 ἐπιεικέστατοι
738 3083 850 3172 μένειν
869 3087 907 3152 ἐν
924 3099 998 3165 ταῖς
1016 3103 1062 3154 σπ

106 3197 180 3272 δαῖς
201 3194 319 3278 ἠξίουν
341 3194 398 3270 τάς
420 3195 533 3269 πόλεις
554 3190 609 3258 καὶ
632 3193 676 3278 μη
699 3194 882 3279 προχείρως
903 3191 956 3260 ἐπί
974 3195 1061 3260 τάβι

177 3429 211 3477 22
231 3427 437 3493 στρατιωτικοῖς
456 3420 549 3491 κάριοι
567 3419 590 3475 Ο
608 3423 720 3490 praeter
738 3421 762 3473 B
834 3427 868 3478 27
888 3442 917 3477 τε
937 3439 991 3478 om.
1009 3421 1033 3475 B
