2414 3840
129 178 195 244 384
556 182 716 233 -5-

129 337 174 406 δι’
195 342 296 427 ὀργῆς
319 339 465 424 ἐχόντων
488 337 540 404 ἐπὶ
563 347 607 427 τρῦ
631 340 780 425 μηθενὸς
801 348 870 404 τῶν
892 342 1039 425 μετρίων
1062 338 1152 424 παρ’,
1183 337 1185 341 ’

93 448 231 531 4αύτῆς
253 447 440 531 τυγχάνειν,
465 451 592 532 μᾶλλον
614 445 635 530 ἢ
659 443 735 530 οὐχὶ
756 448 836 522 τοὺς
859 447 1001 523 αἰτίους·
1024 448 1144 531 πειρώ-

128 557 227 640 μενός
256 549 287 618 τ’
313 553 515 637 ἀποφαίνειν
543 555 649 638 βραχὺ
677 549 739 636 μὲν
766 552 918 638 ὑπάρχον
947 561 1010 618 τοῦ
1035 555 1144 637 δημου

29 718 32 725 .
129 662 166 725 τὸ
189 661 233 745 μη
257 662 338 725 κατά
360 661 499 744 γνώμην
521 658 676 742 ἀδικοῦν,
703 658 770 723 ὑπὸ
795 655 832 723 δὲ
855 660 981 742 μήκους
1004 658 1145 743 ἀπορίας

104 764 384 858 ιηναγκασμένον
402 767 569 831 αίτείσθαι
586 765 649 847 την
666 766 800 849 άφεσιν,
823 765 861 828 τὸ
880 760 918 829 δέ
935 770 1054 831 πλεῖον
1069 765 1145 833 ἀκο-

130 875 228 958 λασία
255 870 310 937 καὶ
337 872 433 958 ὕβρει
458 869 581 959 καὶτῷ
604 867 682 936 καθ’
704 871 829 954 ηδονάς
853 873 911 953 ζῆν
934 869 1067 955 ἐφεικὸς
1088 871 1145 938 καὶ

130 975 174 1043 δι’
197 978 346 1062 ἁρπαγῆς
373 976 408 1043 ἐκ
433 988 500 1043 τῶν
523 976 708 1063 ἀλλοτρίων
730 976 908 1062 ὑπηρετεῖν
929 988 1003 1054 ταῖς
1026 977 1205 1043 ἐπνθυ-ιῦιλ

130 1086 220 1170 μίαις
241 1081 563 1171 παρεσκευασμένον,
588 1085 825 1170 διακρίνεσθαί
845 1105 879 1148 τε
899 1084 1054 1168 οἰόμενος
1072 1085 1145 1150 δεῖν

130 1191 194 1256 ἀπὸ
218 1202 286 1256 τῶν
309 1190 463 1256 ἐλεεινῶν
485 1191 525 1255 τά
547 1191 679 1274 πονηρά
701 1187 757 1254 καὶ
779 1189 843 1255 ἀπὸ
861 1200 929 1254 τῶν
948 1195 1145 1277 φιλανθρω-

90 1319 117 1360 10
129 1299 207 1372 πίας
239 1295 408 1379 δεομένων
439 1297 479 1361 τά
506 1297 625 1380 μίσους
652 1295 741 1379 ἀξια,
772 1293 829 1362 καὶ
850 1297 1025 1373 τοιούτους
1052 1298 1145 1374 τινάς

132 1404 254 1478 ἀλλους
280 1401 524 1486 καθιστάμενος
547 1405 669 1486 λόγους
691 1402 830 1486 ἀληθείς
852 1402 928 1487 μέν,
958 1401 1020 1487 οὐχ
1044 1404 1145 1469 ἀπασι

132 1503 169 1572 δὲ
197 1518 267 1584 τοῖς
294 1507 455 1574 ἀκούουσι
482 1507 754 1595 κεχαρισμένους,
788 1509 849 1574 οὐκ
877 1511 1028 1594 ἔπειθεν,
1062 1510 1145 1576 ἀλλὰ

130 1619 239 1701 θροῦς
260 1610 303 1698 ἦν
326 1611 380 1698 ἐφ’
399 1612 523 1702 ἑκάστω
544 1617 649 1691 πολὺς
667 1612 808 1681 καὶτῶν
827 1611 888 1700 μέν
907 1614 1146 1699 ἀγανακτήσεις

132 1721 177 1799 ὡς
200 1721 449 1806 ἐξαιμάττοντος
471 1723 529 1797 τάς
550 1722 666 1804 λύπας,
688 1730 756 1787 τῶν
776 1715 809 1785 δ’
830 1720 1085 1806 ἐξομολογήσεις
1103 1724 1146 1800 ὡς

92 1847 118 1888 1⁶
132 1824 233 1893 οὐδὲν
251 1838 319 1893 τῶν
338 1828 477 1911 ἀληθῶν
495 1826 805 1913 ἀποκρυπτομένου·
829 1830 966 1893 ἔλαττον
981 1825 1020 1893 δὲ
1033 1834 1144 1918 πολλῷ

131 1931 221 1999 τοῦτ’
238 1931 281 2017 ἦν
298 1933 446 2021 θατέρου
465 1935 502 1999 τὸ
522 1933 630 2019 μέρος,
650 1931 729 1999 ὥστ’
747 1934 950 2018 ἠφανίζοντο
967 1941 1013 2022 τῷ
1033 1941 1144 2022 πολλῷ

132 2039 186 2106 καί
209 2049 329 2127 περιῆν
352 2040 372 2124 η
395 2049 456 2106 τοῦ
479 2040 746 2124 ἀγανακτοῦντος
768 2044 841 2125 βοη.

168 2146 362 2212 ·LXXXII.
393 2142 503 2230 Ὀλίγα
536 2142 573 2211 δὲ
604 2147 736 2223 τούτοις
767 2149 815 2212 ἔτι
846 2146 1058 2233 προσθέντος
1085 2157 1144 2214 τοῦ

131 2254 282 2339 Λαρκίου
312 2250 367 2317 καὶ
396 2261 455 2336 της
482 2251 734 2330 ἐπαναστάσεως
761 2252 872 2318 αὐτῶν
898 2251 955 2318 καὶ
982 2262 1041 2337 τῆς
1067 2275 1143 2339 προ-

92 2362 260 2436 ιοπετείας
295 2369 363 2426 τῶν
399 2360 636 2446 βουλευμάτων
667 2358 910 2444 καθαψαμένου
941 2361 1144 2444 παραλαβὼν

131 2466 192 2531 τὸν
223 2469 326 2550 λόγον
359 2466 377 2532 δ
409 2475 469 2531 τοῦ
499 2468 607 2551 δήμου
634 2466 844 2552 προεστηκὼς
870 2468 944 2531 τότε
971 2469 1144 2543 Σικίννιος

132 2575 180 2639 ἐτι
208 2578 335 2658 μᾶλλον
361 2572 520 2659 ἐτράχυνε
549 2574 606 2650 τάς
633 2572 734 2657 ὀργάς
757 2571 868 2638 αὐτῶν
890 2569 1013 2655 λέγων,
1043 2573 1088 2650 ὡς
1110 2571 1144 2637 ἐκ

132 2680 261 2745 τούτων
289 2678 331 2744 ἀν
357 2680 515 2744 δύναιντο
539 2679 680 2764 μάλιστα
702 2687 770 2743 τῶν
793 2680 904 2760 λόγων
926 2686 1144 2763 καταμαθεῖν,

133 2776 201 2850 οἷαι
228 2784 319 2870 τιμαὶ
345 2784 401 2852 καί
428 2786 558 2871 χάριτες
581 2785 702 2861 αὐτοὺς
724 2782 943 2862 ὑποδέξονται
966 2788 1145 2850 κατελθόν-

93 2872 192 2987 8Ξτας
221 2894 269 2969 είς
295 2894 357 2976 τὴν
384 2894 536 2975 πατρίδα.
582 2883 632 2968 οἷς
659 2892 722 2976 γάρ
751 2889 788 2956 ἐν
815 2890 901 2974 ἀκμῇ
927 2900 997 2956 τῶν
1026 2893 1198 2957 δεινῦνῙλ28

135 2993 210 3064 οὖσι
233 2995 288 3063 καὶ
312 2997 483 3084 δεομένοις
505 3008 564 3083 της
585 2997 674 3082 παρά
696 3005 757 3061 τοῦ
781 2997 890 3080 δήμου
912 2999 1076 3080 βοηθείας
1094 2995 1146 3064 καί

206 3232 239 3281 10
262 3226 406 3289 τοιούτους
429 3225 528 3287 ἀλλους
550 3226 630 3289 τινάς
653 3227 674 3279 Β
766 3229 800 3278 14
819 3218 1079 3297 ἐξ<αι>μάττοντος
1101 3225 1145 3278 Bb

135 3305 168 3353 16
187 3297 308 3368 θατερβί
324 3298 370 3351 Ba
405 3294 530 3364 θάτερον
549 3297 575 3350 R
610 3294 736 3367 θατέρου
756 3295 878 3366 Sylburg
952 3303 985 3352 19
1004 3297 1057 3367 τὴν
1076 3296 1142 3367 Ba!

134 3368 354 3431 ἀπαναστάσεως
381 3384 404 3422 ο.
428 3366 528 3421 Portus
552 3368 586 3422 cf.
609 3367 659 3422 lib.
678 3368 745 3422 124
786 3362 986 3431 ἐπανατάσεως
1011 3385 1035 3424 ο.
1060 3367 1145 3424 Cobet

128 3438 194 3495 Oba,
212 3459 241 3512 p.
258 3443 311 3494 129

65 3488 156 3600 ἱ
