2414 3840
522 151 682 202 -ς..

95 314 133 379 ἐν
158 313 291 390 τούτοις
317 312 476 377 συνάπτει
501 321 572 388 τοῖς
597 313 781 394 πολεμίοις,
808 309 864 376 καὶ
887 313 1009 379 αὐτίκα
1032 331 1107 380 συν-

96 423 227 503 ίστησιν
250 420 362 485 αὐτῶν
383 420 441 495 τὰς
462 416 577 495 τάξεις.
614 419 659 494 ὡς
682 414 713 482 δ’
735 418 820 498 ἅπαξ
843 418 1057 503 ἀνεκόπησαν
1078 424 1110 488 οί

96 528 275 613 βάρβαροι,
308 527 437 609 θάρσος
464 524 596 590 ἐνέπεσε
622 535 692 601 τοῖς
713 520 901 608 Ῥωμαίοις,
930 525 988 591 καὶ
1017 533 1108 610 φιλο

96 637 205 699 νεικία
227 645 297 709 τοῖς
318 637 428 711 πεζοῖς
449 634 532 716 πρὸς
553 633 633 708 τοὺς
655 632 777 708 ἱππεῖς·
808 629 863 696 καλ
886 631 968 697 καθ’
991 635 1031 698 ἓν
1053 635 1109 719 άμ-

69 743 234 824 ιφότεροι
251 739 425 823 πυργηδὸν
445 738 610 817 ἐξωθοῦσι
627 739 664 802 τὸ
685 736 795 815 δεξιὸν
812 737 911 824 κέρας
928 751 1000 804 τῶν
1017 746 1109 806 πολε-

98 849 184 932 μίων
207 846 269 923 ἕως
291 856 352 912 τοῦ
370 848 494 929 λόφου·
515 842 571 909 καλ
590 845 626 909 οί
641 841 703 928 μὲν
720 855 791 921 τοῖς
807 842 886 930 περὶ
902 847 965 910 τὸν
984 847 1109 930 χάρακα

97 953 284 1040 φεύγουσιν
302 951 457 1037 ἑπόμενοι
474 952 619 1026 πολλοὺς
636 949 842 1032 ἀπέκτειναν,
866 951 903 1016 οί
919 947 958 1016 δέ
975 963 1048 1029 τοῖς
1065 955 1111 1017 ἔτι

62 1061 296 1146 3μαχομένοις
317 1061 400 1124 κατὰ
421 1058 532 1123 νώτου
554 1057 687 1140 ἐπῆγον.
723 1058 925 1143 τρεψάμενοι
949 1054 988 1123 δὲ
1006 1058 1110 1124 κάκεί-

96 1190 179 1242 νους
202 1168 249 1242 είς
271 1165 385 1249 φυγὴν
410 1164 569 1229 ἐπίπονόν
592 1187 627 1228 τε
649 1161 704 1228 καὶ
723 1164 884 1248 βραδεῖαν
901 1165 964 1247 τὴν
984 1165 1111 1249 ἀποχά-

58 1292 85 1331 ιο
99 1287 198 1356 ρησιν
224 1269 447 1353 ποιουμένους
473 1271 557 1355 πρὸς
586 1269 722 1353 ὀχθώδη
750 1271 855 1354 χωρία
878 1269 1037 1353 ἐδίωκον,
1063 1271 1155 1342 τέ-ιιιι

97 1377 219 1452 νοντάς
239 1399 275 1440 τε
298 1376 541 1452 ὑποκόπτοντες
562 1377 678 1440 ποδῶν
694 1373 826 1452 καὶτὰς
845 1376 942 1458 ίγνῦς
959 1380 1111 1462 πλαγίοις

97 1493 169 1558 τοῖς
197 1481 308 1565 ξίφεσι
336 1484 557 1568 διαιροῦντες,
588 1482 650 1559 ἕως
677 1480 730 1547 ἐπὶ
757 1483 817 1547 τὸν
844 1482 973 1568 χάρακα
1002 1485 1111 1550 αὐτῶν

99 1588 269 1672 ἀφίκοντο.
314 1589 511 1672 βιασάμενοι
544 1585 581 1653 δὲ
612 1586 668 1653 καὶ
699 1590 820 1653 τούτου
852 1591 931 1664 τοὺς
960 1592 1111 1673 φύλακας

99 1695 140 1761 οὐ
176 1697 320 1771 πολλοὺς
356 1696 455 1771 ὄντας
490 1694 674 1780 ἐκράτησαν
704 1705 766 1760 τοῦ
798 1695 1027 1781 στρατοπέδου
1058 1696 1111 1763 καὶ

60 1821 85 1862 15
100 1803 301 1886 διήρπασαν·
335 1801 496 1886 ὠφελείας
518 1801 632 1884 μέντοι
655 1801 696 1866 οὐ
718 1803 842 1877 πολλὰς
861 1797 974 1886 εὗρον,
999 1804 1051 1869 ὅτι
1068 1805 1111 1888 μὴ

100 1908 186 1972 ὅπλα
207 1903 263 1971 καὶ
286 1906 418 1988 ἵππους,
441 1903 496 1970 καὶ
520 1911 554 1970 εί
571 1927 603 1970 τι
626 1906 708 1970 ἄλλο
728 1909 986 1992 πολεμιστήριον
1005 1919 1112 1995 χρῆμα

99 2010 150 2097 ἦν.
200 2021 302 2079 ταῦτα
335 2012 371 2076 οί
399 2009 474 2095 περὶ
506 2014 707 2097 Σερουίλιον
738 2009 794 2076 καὶ
817 2010 961 2078 ’Ἁππιον
993 2016 1113 2081 ὕπατοι

98 2120 252 2206 ἔπραξαν.

165 2225 335 2290 XXXIIII.
358 2225 455 2290 Μετὰ
476 2233 580 2289 ταῦτα
602 2224 899 2308 παραλαμβάνουσι
916 2226 979 2310 τὴν
998 2228 1111 2294 ὑπατι-

59 2354 86 2394 ιο
99 2333 162 2416 κὴν
186 2331 291 2417 ἀρχὴν
309 2327 422 2408 Αὖλος
441 2331 637 2417 Οὐεργίνιος
651 2333 916 2414 Καιλιμοντανὸς
937 2332 993 2398 καὶ
1018 2339 1112 2413 Τῖτος

101 2439 302 2524 Οὐετούριος
318 2437 467 2523 Γέμινος,
488 2439 649 2523 ἄρχοντος
663 2432 825 2520 Ἀθήνησι
840 2440 1111 2526 Θεμιστοκλέους,

100 2544 263 2633 ἑξηκοστῷ
290 2543 346 2610 καὶ
370 2546 588 2630 διακοσιοστῷ
612 2544 692 2628 μετὰ
713 2544 775 2626 τὴν
798 2547 905 2609 κτίσιν
929 2548 1010 2631 ἔτει,
1039 2554 1112 2633 μελ-

99 2652 223 2735 λούσης
254 2652 302 2729 είς
332 2651 472 2716 τούπιὸν
502 2657 561 2733 τῆς
592 2648 837 2734 ἑβδομηκοστῆς
868 2649 923 2716 καὶ
956 2654 1113 2741 δευτέρας

100 2758 314 2842 ὀλυμπιάδος,
337 2757 380 2842 ἣν
403 2757 496 2823 ἐνίκα
520 2757 678 2842 δεύτερον
706 2758 903 2842 Τισικράτης
919 2762 1112 2844 Κροτωνιά-

172 2980 239 3040 1ἐν
256 2984 344 3059 τούτῳ
364 2985 386 3040 Ο
406 3002 475 3040 corr.
494 2984 597 3039 Reiske
656 2983 779 3056 2άπαξ]
800 2984 947 3041 ἅπασινΒ
1007 2993 1112 3059 ῦπαρ-

99 3056 200 3128 γηδδν]
224 3056 337 3126 φύρδην
359 3057 406 3110 vel
429 3054 605 3125 πεφυρμένοι
624 3072 646 3109 ο.
665 3054 809 3125 Kiessling
890 3064 905 3112 6
924 3057 1002 3130 περὶ]
1024 3055 1071 3115 ἐπὶ
1089 3076 1111 3114 ο.

100 3128 222 3198 Sylburg
235 3128 305 3197 πρὸς
319 3126 422 3182 Reiske
470 3133 486 3182 8
502 3123 619 3250 ἐπῆγοέ]
636 3121 780 3182 ἐπέκειντο
798 3144 821 3182 ο.
841 3127 1005 3184 δυῦὶλουθοτ
1018 3129 1112 3185 Κίοιο-

99 3200 161 3269 ling
246 3195 430 3270 θέπίπονον]
456 3195 573 3253 ἐπιπτον
703 3204 735 3252 11
755 3197 1005 3263 ἀποκάπτοντεςΒ
1080 3201 1111 3257 1'6

98 3270 303 3359 πολεμητήριον
322 3270 374 3322 AB
466 3274 500 3322 20
519 3267 698 3340 μοντανὸςΟ
740 3271 956 3339 καιλιμοντανδς
980 3271 1111 3342 Sigonius

99 3349 132 3397 21
153 3343 265 3412 οῦεμιος
283 3343 407 3412 γεμίνιος
426 3339 448 3395 Ο
469 3356 538 3397 corr.
558 3339 681 3409 Sylburg
740 3347 774 3395 23
792 3348 981 3411 πεντηκοστῆς
999 3343 1023 3396 Β
1078 3349 1112 3399 24

100 3415 280 3483 στησίκρατος
299 3411 313 3466 ὁ
332 3411 355 3464 Β
