2414 3840
565 182 728 231 -Ε-

136 345 216 418 τούς
246 345 393 424 βασιλεῖς
420 338 475 406 καί
502 344 776 425 θεμιστοπόλους.
820 339 875 406 καὶ
903 341 999 427 μέχρι
1026 345 1154 406 πολλοῦ

138 447 293 534 διέμενον
321 445 374 513 ἐπὶ
402 447 515 533 ῥητοῖς
541 463 630 511 τισιν
658 447 696 511 αί
720 450 885 530 βασιλεῖαι
913 447 1153 532 διοικούμεναι,

138 555 289 636 καθάπερ
317 553 338 638 ἡ
365 555 657 638 Λακεδαιμονίων·
699 553 894 638 ἀρξαμένων
922 553 962 620 δέ
986 577 1090 619 τινων
1118 554 1155 619 έν

138 670 209 737 ταῖς
237 659 402 740 ἐξουσίαις
424 663 628 743 πλημμελεῖν
648 656 705 723 καί
728 662 844 743 νόμοις
867 657 928 744 μέν
951 660 1047 742 ὀλίγα
1071 683 1155 744 χρω-

111 786 123 827 ε
138 764 260 851 μένων,
283 777 355 842 ταῖς
378 760 409 831 δ’
427 764 555 831 ἑαυτῶν
573 766 721 849 γνώμαις
738 767 778 830 τά
796 768 903 832 πολλὰ
922 767 1154 850 διοικούντων,

140 872 405 957 δυσχεράναντες
433 872 514 937 ὅλον
543 872 581 936 τὸ
609 880 744 956 πρᾶγμα
772 872 807 936 οἱ
827 871 946 938 πολλοὶ
967 869 1155 937 κατέλυσαν

139 976 200 1064 μὲν
228 979 268 1043 τά
297 978 451 1061 βασιλικά
473 977 711 1062 πολιτεύματα,
742 980 868 1062 νόμους
891 976 928 1044 δὲ
950 979 1203 1062 καταστησά-101

140 1109 236 1170 μενοι
256 1082 318 1150 ,καί
345 1084 447 1169 ἀρχάς
475 1082 722 1166 ἀποδείξαντες,
751 1084 887 1161 ταύταις
914 1084 1059 1170 ἐχρῶντο
1087 1096 1156 1151 τών

103 1195 268 1258 3πόλεων
297 1195 469 1272 φυλακαῖς.
517 1185 588 1254 ἐπεὶ
615 1183 647 1253 δ’
673 1188 735 1254 οὐκ
762 1189 935 1274 αὐτάρκεις
961 1187 1049 1276 ἦσαν
1078 1192 1157 1257 οὐτε

100 1317 126 1356 10
139 1298 176 1362 οί
194 1295 349 1372 τεθέντες
366 1291 425 1360 ὐπ’
444 1295 555 1361 αὐτῶν
573 1297 673 1380 νόμοι
691 1299 851 1379 βεβαιοῦν
868 1298 906 1362 τὸ
926 1298 1058 1363 δίκαιον
1078 1298 1156 1363 οὐτε

126 1403 176 1468 ·οί
199 1403 257 1479 τάς
285 1402 387 1488 ἀρχάς
413 1400 469 1466 καὶ
495 1403 553 1478 τάς
582 1401 766 1485 ἐπιμελείας
794 1402 905 1468 αὐτῶν
928 1405 1158 1488 λαμβάνοντες

139 1512 282 1594 βοηθεῖν
309 1519 379 1585 τοῖς
401 1511 532 1593 νόμοις,
562 1509 652 1573 οἵτε
674 1506 785 1593 καιροὶ
807 1511 914 1574 πολλά
935 1518 1157 1595 νεοχμοῦντες

140 1614 181 1679 οὐ
208 1616 248 1680 τά
274 1615 432 1702 κράτιστα
459 1624 527 1679 τών
555 1615 820 1699 πολιτευμάτων,
853 1616 936 1681 άλλά
962 1617 1003 1681 τά
1025 1638 1156 1702 πρεπω-

140 1719 279 1786 δέστατα
319 1734 391 1799 ταῖς
430 1721 764 1805 καταλαμβανούσαις
803 1721 926 1799 αὐτοὺς
962 1727 1157 1807 συντυχίαις

101 1847 125 1888 ιε
139 1829 326 1911 ἠνάγκαζον
358 1829 544 1912 αἱρεῖσθαι,
578 1827 618 1892 οὐ
650 1829 757 1910 μόνον
789 1826 827 1892 έν
858 1838 929 1904 ταῖς
957 1828 1157 1913 ἀβουλήτοις

139 1945 340 2020 συμφοραῖς,
363 1933 447 1998 ἀλλὰ
468 1933 532 1998 κάν
554 1943 627 2010 ταῖς
648 1933 936 2019 ὑπερβαλλούσαις
957 1935 995 1999 τὸ
1020 1935 1156 2021 μέτριον

139 2041 320 2126 εὐτυχίαις,
354 2039 647 2126 διαφθειρομένων
676 2036 720 2103 δι’
750 2039 852 2116 αὐτάς
880 2050 947 2105 τών
974 2045 1155 2107 πολιτικῶν

137 2150 284 2231 κόσμων,
308 2138 358 2222 οἷς
380 2144 646 2231 ἐπανορθώσεως
668 2148 800 2230 ταχείας
821 2144 877 2211 καὶ
898 2146 1156 2232 αὐτογνώμονος

139 2255 222 2336 ἔδει,
249 2253 474 2336 ἠναγκάζοντο
502 2252 664 2338 παράγειν
690 2252 791 2317 πάλιν
819 2253 877 2329 τάς
905 2255 1080 2336 βασιλικάς
1102 2251 1155 2319 καί

100 2380 126 2420 εο
138 2361 340 2445 τυραννικὰς
363 2359 514 2438 ἐξουσίας
533 2361 580 2434 είς
598 2357 710 2443 μέσον,
735 2358 876 2442 ὀνόμασι
895 2360 1155 2444 περικαλύπτον-

139 2489 192 2542 τες
211 2465 313 2543 αὐτδις
332 2463 614 2550 εὐπρεπεστέροις,
638 2463 797 2530 Θετταλοί
816 2461 877 2549 μὲν
896 2464 1030 2550 ἀρχούς,
1050 2472 1197 2533 Amce-102

140 2574 309 2656 δαιμόνιοι
336 2570 367 2638 δ’
390 2571 558 2658 ἁρμοστάς
579 2575 774 2653 καλοῦντες,
803 2573 1012 2656 φοβούμενοι
1035 2573 1154 2660 τυράν-

138 2702 220 2755 νους
242 2678 262 2762 ἢ
287 2682 433 2763 βασιλεῖς
456 2679 578 2755 αὐτοὺς
600 2682 725 2762 καλεῖν,
751 2678 796 2755 ώς
819 2675 892 2742 οὐδ’
915 2678 1012 2743 ὅσιον
1036 2685 1154 2763 σφίσιν

138 2785 301 2870 ὑπάρχον,
324 2785 363 2863 ἃς
385 2784 570 2852 κατέλυσαν
593 2784 745 2863 ἐξουσίας
768 2784 880 2870 ὅρκοις
897 2781 953 2848 καὶ
972 2784 1069 2870 ἀραῖς
1088 2786 1154 2852 ἐπι-

213 3021 225 3066 1
246 3016 364 3083 θεμιστο
382 3012 500 3074 πολλούς
519 3010 566 3065 Ba
629 3008 697 3066 θδε
717 3011 809 3065 αὐτῶν
829 3008 852 3064 Ο
908 3016 924 3065 7
942 3009 992 3074 τὰς
1011 3012 1155 3084 βασιλείας

139 3083 189 3140 καὶ
206 3083 238 3139 τδ
256 3086 410 3152 πολίτευμα
428 3082 493 3150 A(?)
522 3081 557 3135 τδι
576 3083 721 3154 βασιλεικα
739 3081 928 3151 πολιτεύματα
946 3080 993 3136 Ba
1020 3082 1057 3137 τδι
1075 3085 1154 3157 βασι-

139 3154 204 3210 λικά
221 3174 250 3209 π.
269 3155 317 3208 Bb
374 3160 406 3207 15
425 3152 512 3207 verba
529 3151 595 3206 inde
615 3153 651 3206 ab
670 3151 830 3223 ἠνάγκαζον
847 3168 937 3220 usque
957 3152 994 3206 ad
1013 3154 1155 3223 εὐτυχίαις

139 3244 193 3282 om.
213 3225 260 3278 Ba
287 3224 351 3279 add.
375 3223 422 3276 Bb
449 3224 480 3276 in
507 3239 571 3291 mge
601 3224 781 3293 superscript.
809 3225 940 3292 κείμενον
1033 3231 1067 3278 16
1086 3226 1154 3296 κάν]

138 3297 188 3353 καλ
207 3295 230 3348 Β
246 3296 251 3368 Ι
267 3293 368 3366 με’τρον
393 3310 416 3348 0.
435 3293 539 3348 Reieke
623 3300 654 3349 1⁷
674 3291 715 3348 δι’
731 3293 819 3357 αὐτάς
836 3293 914 3348 ΑΒο
949 3292 981 3349 δὲ
1001 3295 1090 3359 αὐτὰς
1107 3296 1153 3349 Bb

140 3374 173 3422 19
192 3365 324 3491 χχρ<αις>
346 3364 393 3420 Bb
476 3371 509 3419 21
534 3365 637 3435 άρχούς
660 3364 682 3418 0
724 3366 826 3436 ταγούς
848 3364 987 3420 Bficheler
1010 3366 1154 3436 Stephano

140 3453 191 3492 auc
224 3453 255 3492 re
