2414 3840
524 169 687 219 ,Ε-

94 326 323 412 νραφομίνας,
347 325 440 413 ἁρμῷ
465 348 531 390 τινι
554 335 611 410 τῆς
634 328 743 413 θύρας
767 329 927 413 διαφανεῖ
946 330 1010 414 τὴν
1033 332 1042 395 ί

59 434 303 518 4προσβαλῶν.
344 431 490 511 ἐξελθὼν
519 428 556 496 δὲ
578 437 702 516 πολλῆς
729 435 777 498 ἔτι
799 436 919 512 νυκτὸς
942 436 1042 520 οὔσης

95 537 339 622 ἀπεσταλμένος
357 539 422 604 ὑπὸ
440 551 507 603 τῶν
528 540 698 604 δεσποτῶν
720 538 773 605 ἐπὶ
791 544 906 626 χρείαν
919 543 1008 625 τινά,
1031 567 1042 609 τ

95 641 157 729 μὲν
179 646 258 720 τοὺς
280 644 427 722 ὑπάτους
450 645 600 727 ὤκνησεν
619 645 732 710 ἐλθεῖν
752 647 880 729 δεδιώς,
904 648 949 732 μὴ
969 662 1042 732 συγι

68 762 156 829 εφαι
179 752 217 815 τὸ
240 758 374 835 πρᾶγμα
397 752 598 834 βουλόμενοι
622 752 677 815 διδι
700 752 762 834 τὴν
786 753 922 817 εὔνοιαν
944 763 1015 818 τῶν
1035 777 1042 816 ι

95 869 204 941 γενῶν
236 859 295 922 τὸν
328 858 522 940 μηνύσαντα
554 857 614 940 τὴν
647 861 861 942 συνωμοσίαν
889 858 1042 943 ἀφανίσω

96 965 298 1048 ἀφικόμενος
322 960 353 1028 δ’
376 963 421 1040 ὡς
435 965 588 1027 Πόπλιον
604 962 801 1049 Οὐαλέριον,
825 963 861 1041 ὃς
881 964 917 1029 ἐν
936 975 1042 1041 τοίςκ

96 1093 166 1147 τοις
193 1067 365 1155 τέτταρσιν
392 1065 435 1152 ἦν
463 1080 531 1134 τῶν
552 1069 614 1152 τὴν
637 1071 821 1155 τυραννίδα
844 1071 1042 1136 καταλυσάνι

98 1175 249 1255 δεξιώσει
276 1174 331 1241 καὶ
360 1172 403 1240 δι’
428 1176 538 1258 ὅρκων
564 1177 602 1239 τὸ
630 1177 749 1241 πιστὸν
771 1173 849 1262 παρ’
872 1177 976 1242 αὐτοῦ
1001 1181 1043 1242 λα

58 1305 83 1344 ιο
96 1279 180 1368 ὑπὲρ
204 1282 386 1366 ἀσφαλείας
408 1291 466 1364 τῆς
490 1280 609 1347 ἑαυτοῦ
633 1284 780 1367 μηνυτὴς
799 1279 846 1350 ὧν
864 1282 895 1347 τ’
918 1285 1042 1367 ἤκουσε

62 1385 147 1458 ὃῶν
176 1384 243 1454 εἶδε
267 1391 403 1471 γίνεται.
445 1387 463 1452 δ
488 1386 519 1452 δ’
542 1388 586 1465 ὡς
609 1390 736 1472 ἔμαθεν
752 1389 920 1474 ,οὐδεμίαν
944 1390 1042 1473 ἀναβι

96 1495 320 1578 ποιησάμενος
348 1491 401 1558 ἐπὶ
428 1495 489 1577 την
519 1496 628 1559 οίκίαν
649 1504 717 1558 τῶν
737 1492 918 1561 Ἀκυλλίων
941 1497 1008 1561 σὺν
1030 1521 1042 1581 η

97 1606 203 1685 πολλῇ
236 1606 387 1666 πελατῶν
419 1623 454 1665 τε
486 1598 541 1664 καὶ
572 1603 681 1684 φίλων
708 1605 926 1687 παραγίνεται
952 1600 1031 1687 περὶ

11 1766 14 1771 ,
98 1709 228 1793 ὄρθρον
254 1704 309 1771 καὶ
332 1708 513 1791 παρελθὼν
537 1712 614 1771 είσω
637 1717 705 1772 τῶν
728 1714 847 1792 θυρῶν
870 1708 914 1784 ὡς
938 1701 986 1772 ἐπ’
1011 1709 1042 1772 ἀλ

59 1835 84 1875 τε
98 1815 174 1880 τινὰ
201 1816 315 1899 χρείαν
338 1813 456 1899 παρὼν
479 1812 655 1890 ἀκωλύτως
676 1808 747 1878 κατ’
769 1808 863 1879 οἷκον
886 1817 933 1879 ἔτι
956 1824 1025 1878 τῶν

99 1923 225 2004 ρακίων
258 1922 367 1984 ὄντων
399 1919 558 2005 ἐγκρατὴς
590 1922 717 2002 γίνεται
749 1930 816 1985 τῶν
848 1919 1033 1986 ἐπιστολῶν

98 2029 177 2103 τοὺς
190 2029 388 2102 νεανίσκους
402 2026 579 2110 συλλαβὼν
592 2029 792 2110 καθίστησιν
807 2024 859 2091 ἐπὶ
871 2029 950 2103 τοὺς
959 2027 1042 2092 ὑπάτ

165 2132 258 2198 VIII.
295 2133 343 2196 Τδι
371 2128 408 2196 δὲ
436 2134 517 2217 μετὰ
544 2140 648 2196 ταῦτα
671 2134 751 2218 ἔργα
774 2131 920 2219 θατέρου
943 2144 1012 2199 τῶν
1034 2159 1042 2196 ι

99 2263 166 2305 των
190 2240 344 2324 Βρούτου
368 2240 493 2323 μεγάλα
516 2236 572 2304 καὶ
594 2241 772 2323 θαυμαστὰ
795 2237 904 2323 λέγειν
928 2242 1030 2324 ἔχων,

59 2369 85 2409 εο
99 2339 150 2424 οἷς
171 2345 308 2431 μέγιστα
328 2354 497 2432 φρονοῦσι
515 2341 679 2429 Ῥωμαῖοι,
705 2344 840 2410 δέδοικα
860 2346 903 2430 μὴ
920 2349 1042 2433 σκληρί

100 2456 220 2519 ἄπιστα
252 2463 322 2528 τοῖς
342 2449 480 2535 Ἕλλησι
512 2449 597 2529 δόξω
631 2449 754 2534 λέγειν,
783 2451 896 2535 ἐπειδὴ
926 2453 1042 2536 πεφύιι

100 2561 242 2636 ἅπαντες
273 2558 337 2623 ἀπὸ
369 2569 437 2623 τῶν
469 2559 565 2623 ίδίων
593 2564 714 2622 παθῶν
741 2560 782 2622 τά
809 2555 884 2644 περὶ
910 2569 978 2623 τῶν
1007 2560 1042 2624 ἀλ

101 2668 263 2750 λεγόμενα
290 2668 418 2752 κρίνειν
445 2662 501 2730 καὶ
527 2665 565 2729 τὸ
592 2666 712 2728 πιστὸν
739 2666 879 2730 ἄπιστον
902 2661 955 2748 ἐφ’
979 2664 1041 2730 ἑαυ

65 2778 223 2841 2ποιείν·
260 2772 324 2858 ἐρῶ
348 2769 379 2835 δ’
403 2766 465 2837 οὖν
489 2772 585 2855 ὅμως.
631 2769 743 2855 ἐπειδὴ
767 2773 830 2858 γὰρ
853 2769 960 2857 ἡμέρα
982 2773 1042 2858 τάχ

173 2937 189 2984 3
209 2926 417 2997 ἀποοταλμένος
435 2927 461 2981 Α
533 2934 549 2982 5
567 2926 705 2999 πρόνοιαν
724 2927 747 2980 Β
816 2935 832 2982 9
852 2928 955 2994 *δεξιω
975 2931 1041 2984 δοσε

102 3002 197 3067 δεξιᾶς
216 2999 341 3123 Met}
353 2998 398 3051 Bb
422 2997 453 3052 in
471 3016 524 3054 ras.
546 3005 560 3053 1
580 2999 636 3054 litt.
674 2998 769 3065 δεξιὰς
792 3000 934 3092 δίδφοιΑ
1027 3007 1041 3055 1

101 3072 173 3128 τεΒ
209 3091 238 3126 τε
259 3065 297 3125 ὦν
430 3076 463 3124 15
483 3071 624 3133 ἀκώλυτος
641 3069 717 3124 ABb
755 3071 902 3134 ἀκωλυτως
920 3070 968 3124 Ba
985 3072 1042 3140 (αι

130 3150 171 3234 ’ῶῧ
192 3139 223 3197 δὲ
243 3160 297 3197 om.
317 3140 339 3193 Β
404 3146 438 3194 20
458 3139 587 3233 μέγιστον
606 3158 629 3196 ο.
650 3140 739 3232 Οολρολ
757 3141 823 3196 Obs.
842 3159 870 3211 p.
890 3148 923 3196 95
962 3137 1042 3212 ἒφό

102 3212 392 3356 ἀῖἀὲἶέῗμῗὲτάῗῗξῖ
410 3213 851 3354 ιοιῖἀτλάξείῗ”ἓλιῗίέλῖἒο
870 3213 1035 3340 Ῑάἓῗιῗξάι

103 3377 169 3414 στον
189 3355 236 3428 ἀφ’
255 3350 414 3418 ἕαντοδςΟ
496 3356 595 3411 πιστὸν
615 3355 664 3409 καὶ
682 3355 800 3410 ἀπιστον
820 3351 868 3425 ἐφ’
886 3350 997 3418 ἑαυτοῖς
1015 3372 1038 3410 ο.

102 3429 214 3498 phanus
251 3427 351 3482 πιστὸν
370 3423 387 3494 ἢ
408 3426 527 3482 ἀπιστον
547 3422 595 3497 ἐφ’
613 3421 724 3490 ἑαυτοῖς
741 3443 765 3482 ο.
784 3426 887 3481 Reiske
