2414 3840
482 176 644 225 -Δ-
1029 175 1071 241 ει

50 340 237 424 λαμβάνειν
260 335 376 423 ἑτέραν
401 342 533 420 οίκησιν
556 333 632 422 μήτ’
660 339 783 403 άλλοθι
801 359 868 403 πον
887 343 1071 422 συντελεῖν,

50 447 103 523 τάς
125 468 163 511 τε
187 445 406 530 καταγραφὰς
424 453 491 508 τῶν
510 454 721 529 στρατιωτῶν
739 443 795 510 καὶ
813 445 872 521 τὰς
889 444 1073 530 εἰσπράξεις

51 562 114 616 τῶν
142 550 325 636 χρημάτων
353 549 412 625 τὰς
439 547 618 632 γινομένας
646 550 693 625 είς
715 551 756 615 τὰ
778 552 995 635 στρατιωτικά
1017 550 1072 617 καὶ

52 659 104 733 τὰς
127 657 234 732 ἄλλας
256 656 379 741 χρείας,
404 653 444 731 ἃς
466 653 605 720 ἕκαστον
629 656 698 720 ἔδει
715 664 761 743 τῷ
780 663 884 742 κοινῷ
903 656 1070 743 παρέχειν,

54 760 161 827 οὐκέτι
184 763 269 827 κατά
291 762 349 838 τὰς
370 770 459 846 τρεῖς
478 762 586 844 φυλάς
604 762 662 838 τὰς
680 762 813 844 γενικὰς
832 761 876 838 ὡς
894 766 1096 849 πρότερον,5

56 867 133 933 ἀλλὰ
160 869 245 933 κατὰ
271 869 330 944 τάς
356 865 514 952 τέτταρας
540 869 599 944 τάς
625 869 762 944 τοπικὰς
784 869 842 944 τὰς
863 864 924 952 ὑφ’
950 866 1071 935 ἑαυτοῦ

10 920 16 1025 δ
58 975 289 1060 διαταχθείσας
307 973 462 1056 ἐποιεῖτο,
479 973 646 1057 ἡγεμόνας
664 969 718 1058 ἐφ’
740 971 877 1058 ἑκάστης
896 973 1071 1054 ἀποδείξας

62 1084 253 1165 συμμορίας,
282 1080 393 1165 ὥσπερ
417 1081 610 1165 φυλάρχους
633 1079 654 1164 ἡ
677 1081 868 1166 κωμάρχας,
896 1073 947 1157 οἷς
969 1098 1071 1166 προσ-

64 1183 164 1265 έταξεν
192 1185 333 1270 εἰδέναι,
367 1189 467 1250 ποίαν
500 1188 609 1252 οίκίαν
644 1186 780 1263 ἕκαστος
807 1188 899 1252 οίκεῖ.
932 1185 1104 1263 Ἕπειτα3

15 1334 22 1363 τ
67 1294 135 1357 κατὰ
159 1293 285 1369 πάντας
312 1289 464 1357 ἐκέλευσε
491 1295 571 1370 τοὺς
594 1296 784 1371 στενωποὺς
810 1295 910 1381 [ίερολ]
935 1294 1069 1377 έγκατα-
1084 1323 1110 1362 10

72 1405 281 1484 σκευασθῆναι
308 1399 468 1476 καλιάδας
494 1399 560 1465 ὑπὸ
584 1411 652 1465 τῶν
674 1403 837 1484 γειτόνων
860 1403 967 1487 ἡρωσι
989 1423 1070 1488 προ-

10 1543 12 1587 ,
40 1508 197 1582 ιῖῖνοπίοις
214 1504 271 1571 καλ
293 1507 418 1582 θυσίας
440 1505 555 1582 αὐτοῖς
578 1505 824 1591 ἐνομοθέτησεν
847 1507 1070 1574 ἐπιτελεῖσθαι

75 1607 133 1674 καθ’
153 1611 291 1677 ἕκαστον
315 1611 470 1676 ἐνιαυτὸν
497 1612 661 1690 πελάνους
686 1615 907 1700 είσφερούσης
931 1613 1070 1697 ἑκάστης

78 1715 171 1794 οἰκίας·
192 1729 264 1795 τοῖς
283 1714 320 1782 δὲ
338 1718 379 1782 τά
396 1716 472 1802 περὶ
490 1729 558 1783 τῶν
576 1721 742 1802 γεινόνων
761 1720 833 1805 ίερόι
850 1726 1069 1785 συντελοῦσιν

79 1817 104 1882 ἐν
127 1833 189 1900 τοῖς
220 1824 426 1908 προνωπίοις
454 1823 495 1888 οὐ
522 1827 602 1901 τοὺς
629 1823 844 1908 ἐλευθέρους,
878 1824 961 1890 ἀλλὰ
989 1826 1069 1902 τοὺς
1084 1853 1109 1892 15

80 1923 195 2006 δούλους
222 1927 314 2007 ἔταξε
336 1933 495 2015 παρεῖναί
514 1929 627 1995 τεκαὶ
652 1943 920 2017 συνιερουργεῖν,
949 1932 994 2009 ὡς
1016 1956 1068 1998 κε-

79 2033 251 2120 χαρισμένης
265 2044 336 2112 τοῖς
351 2035 457 2120 ἡρωσι
474 2044 532 2118 τῆς
547 2046 615 2100 τῶν
629 2039 850 2123 θεραπόντων
870 2037 1067 2123 ὑπηρεσίας·

78 2133 108 2216 ἡν
128 2142 170 2204 έτι
196 2137 251 2206 καδ
274 2135 353 2206 καθ’
374 2139 458 2223 ἡμᾶς
481 2139 600 2226 ἑορτὴν
628 2142 766 2224 άγοντες
785 2139 938 2227 Ῥωμαῖοι
966 2144 1103 2218 διετέ-4

77 2245 139 2310 λονν
165 2247 291 2331 ὀλίγαις
317 2247 459 2332 ὕστερον
486 2245 624 2333 ἡμέραις
648 2259 716 2313 τῶν
739 2252 913 2334 Κρονίων,
941 2250 1067 2333 σεμνὴν

76 2345 102 2411 ἐν
120 2364 184 2430 τοῖς
205 2354 295 2419 πάνυ
317 2352 373 2418 καὶ
396 2358 577 2436 πολυτελῆ,
605 2354 815 2438 Κομπιτάλια
838 2355 1065 2439 προσαγορεύ-
1080 2384 1106 2422 νο

20 2436 25 2477 ⁵
74 2476 147 2536 οντες
172 2460 278 2544 αὐτὴν
305 2458 358 2525 έπδ
381 2470 449 2524 τῶν
472 2470 664 2525 στενωπῶν·
696 2463 878 2544 κομπίτους
900 2462 964 2546 γὰρ
987 2464 1067 2539 τοὺς

35 2566 245 2642 σῖεστενωποὺς
268 2571 420 2632 καλοῦσι·
448 2563 504 2630 καί
528 2567 734 2649 φυλάττουσι
756 2567 816 2631 τὸν
839 2566 978 2652 άρχαῖον
997 2567 1067 2633 έθι-

67 2671 138 2752 σμὸν
160 2669 212 2736 ἐπὶ
234 2681 302 2736 τῶν
326 2673 437 2758 ίερῶν,
462 2673 518 2736 διὰ
536 2684 603 2736 τῶν
622 2675 840 2757 θεραπόντων
859 2677 938 2751 τοὺς
955 2676 1066 2761 ἡρωας

64 2775 263 2862 ἱλασκόμενοι
289 2776 345 2843 καὶ
372 2779 461 2843 άπαν
488 2779 526 2842 τὸ
555 2780 680 2844 δοῦλον
709 2779 932 2866 ἀφαιροῦντες
955 2781 1065 2846 αὐτῶν

10 2916 14 2981 !
60 2881 91 2946 ἐν
115 2894 185 2960 ταῖς
211 2881 350 2969 ἡμέραις
373 2883 529 2967 ἐκείναις,
557 2884 613 2949 ἵνα
636 2893 675 2968 τῇ
699 2889 938 2973 φιλανθρωπίᾳ
961 2889 1064 2974 ταότη
1079 2916 1105 2955 25

121 3083 134 3129 1
160 3072 260 3129 άλλοσέ
282 3093 333 3129 ποι
360 3073 449 3129 Cobet
472 3075 537 3130 Obs.
560 3094 587 3145 p.
608 3081 642 3129 '18
675 3075 806 3129 Hertlein
833 3077 949 3131 Hermes
967 3079 992 3132 X
1012 3086 1064 3134 412

52 3143 220 3216 ίπαρέχειν
242 3145 292 3200 καὶ
315 3144 450 3201 οὐκέτιΟ
475 3145 629 3216 praeterB
722 3153 754 3200 10
775 3144 837 3217 ίερδι
855 3147 908 3201 ΑΒ
945 3146 1022 3218 ἱεράς
1040 3150 1066 3202 R

51 3217 102 3272 del.
120 3215 269 3284 Kiessling
317 3223 379 3270 *11
398 3215 617 3289 καλ<ι>άδαςΒ
691 3224 724 3271 15
744 3212 775 3272 έν
793 3225 852 3280 τοῖς
871 3227 1022 3281 στενωποῖς
1041 3236 1063 3271 ο.

49 3288 195 3354 Bficheler,
215 3294 273 3349 τοῖς
291 3291 462 3356 προνωπίοις
478 3288 526 3342 vel
542 3292 624 3351 θεοῖς
642 3290 813 3355 προνωπίοις
832 3289 928 3343 deleta
946 3285 977 3342 έν
995 3302 1063 3340 voce

49 3359 232 3414 casaubonus
320 3363 353 3411 18
371 3359 419 3413 καὶ
442 3358 549 3414 add.B
635 3363 671 3412 20
689 3360 791 3421 ταῖςΟ
878 3365 911 3413 22
932 3353 1062 3424 ἐθισμὸν]
1098 3370 1105 3381 ·

48 3429 153 3501 κόσμον
172 3445 197 3483 ο.
216 3426 361 3497 Kiessling
