2414 3840
520 191 682 242 ..Λ-

97 349 172 414 δταν
201 348 223 432 ἡ
246 350 353 433 βουλὴ
377 352 577 433 ψηφίσηται,
607 349 753 426 στάσεως
774 349 1026 432 καταλαβούσης
1048 350 1110 432 τὴν

97 458 191 532 πόλιν
221 455 243 539 ἢ
272 456 452 539 δυστυχίας
478 455 568 533 τινὸς
597 455 740 540 μεγάλης
768 455 1001 539 συμπεσούσης
1029 457 1110 520 κατὰ

97 564 241 646 πόλεμον
268 561 290 645 ἢ
315 562 462 647 τεράτων
484 572 588 627 πινῶν
610 558 666 627 καὶ
689 561 934 645 φαντασμάτων
957 561 1110 645 μεγάλων

97 664 146 732 καὶ
166 667 381 754 δυσευρέτων
398 668 512 745 αὐτοῖς
526 668 713 752 φανέντων,
738 659 791 733 οἷα
805 667 962 751 πολλάκις
976 667 1109 752 συνέβη.

61 770 188 840 τοιοῦτοι
214 773 386 856 διέμειναν
409 774 445 839 οί
463 773 606 860 χρησμοὶ
629 772 725 861 μέχρι
747 783 807 838 τοῦ
831 778 1010 858 Μαρσικοῦ
1032 779 1138 857 πλη-τ

97 878 217 957 θέντος
249 879 397 965 πολέμου
427 883 573 964 κείμενοι
604 882 687 945 κατά
718 890 779 965 γῆς
810 879 848 945 ἐν
875 887 921 967 τῷ
950 887 1020 966 ναῶ
1048 889 1110 945 τοῦ

97 989 333 1052 Καπιτωλίνου
366 988 451 1064 Διὸς
483 985 520 1052 έν
552 989 668 1072 λιθίνη
701 987 857 1073 λάρνακι,
889 980 945 1049 ὑπ’
976 984 1110 1070 ἀνδρῶν

99 1090 174 1157 δέκα
202 1095 456 1179 φυλαττόμενοι.
499 1095 580 1177 μετὰ
607 1091 644 1157 δὲ
667 1092 728 1176 τὴν
750 1094 866 1177 τρίτην
889 1086 943 1156 ἐπὶ
965 1103 1036 1167 ταῖς
1059 1089 1141 1175 ἕβθ

100 1198 287 1283 δομήκοντα
315 1196 371 1263 καὶ
400 1196 518 1264 ἑκατὸν
546 1199 746 1282 ὀλυμπιάσιν
774 1196 1024 1284 ἐμπρησθέντος
1051 1207 1110 1262 τοῦ

99 1313 191 1388 ναοῦ,
215 1298 275 1370 εἴτ’
292 1304 326 1383 ἐξ
344 1304 532 1389 ἐπιβουλῆς,
551 1304 597 1382 ὡς
615 1309 747 1370 οίονταί
760 1326 859 1387 τινες,
878 1301 935 1368 εἴτ’
955 1303 1018 1369 άπὸ
1037 1304 1111 1368 ταῦ·
1126 1334 1141 1370 ο

99 1410 256 1495 τομάτου,
288 1412 352 1476 σὺν
383 1422 454 1488 τοῖς
485 1411 599 1487 άλλοις
630 1409 823 1495 ἀναθήμασι
854 1419 915 1475 τοῦ
942 1417 1028 1476 θεοῦ
1055 1408 1110 1475 καὶ

102 1511 191 1582 οὗτοι
219 1517 454 1603 διεφθάρησαν
481 1516 546 1582 ὑπὸ
574 1527 635 1582 τοῦ
657 1519 771 1599 πυρός.
814 1516 849 1580 οί
870 1514 907 1580 δέ
929 1526 995 1581 νῦν
1018 1518 1111 1592 ὄντες

102 1621 135 1687 ἐκ
155 1628 292 1689 πολλῶν
315 1626 379 1689 εἰσι
401 1620 611 1710 συμφορητοὶ
634 1625 762 1704 τόπων,
786 1622 821 1685 οί
841 1618 903 1705 μὲν
926 1621 1051 1687 ἐκτῶν
1075 1620 1111 1687 έν

100 1723 216 1814 Ἰταλίᾳ
244 1732 375 1795 πόλεων
404 1729 636 1815 κομισθέντες,
665 1729 700 1794 οί
725 1724 755 1792 δ’
783 1726 816 1804 ἐξ
841 1724 1017 1812 Ἐρυθρῶν
1045 1737 1111 1791 τῶν

102 1834 135 1900 ἐν
163 1832 273 1922 Ἀσία,
310 1837 392 1900 κατὰ
429 1837 536 1921 δόγμα
568 1839 693 1920 βουλης
724 1843 826 1918 τριῶν
859 1831 1141 1899 άποσταλέντωνι

101 1944 311 2027 πρεσβευτῶν
334 1938 387 2007 ἐπὶ
409 1942 471 2026 τὴν
494 1940 717 2027 ἀντιγραφήν·
755 1941 831 2005 οίδ
833 1938 1032 2017 ’ἐξάλλων
1054 1942 1113 2005 πί

101 2053 184 2114 λεων
206 2045 264 2113 καὶ
286 2067 352 2133 παρ
355 2045 554 2128 ’άνδρῶνί
540 2048 683 2112 ίδιωτῶν
701 2044 979 2133 μεταγραφέντες·
1007 2047 1044 2112 ἐν
1064 2038 1113 2123 οἷς

102 2154 314 2238 εὑρίσκονταί
324 2175 413 2229 τινες
429 2151 685 2237 ἐμπεποιημένοι
698 2163 768 2231 τοῖς
782 2154 1004 2236 Σιβυλλείοις,
1024 2152 1113 2234 ἐλέγ-

100 2282 214 2344 χονται
247 2255 284 2324 δὲ
311 2269 383 2335 ταῖς
409 2258 629 2343 καλουμέναις
658 2259 877 2345 ἀκροστιχίσι·
914 2255 999 2339 λέγω
1028 2257 1047 2321 δ
1053 2253 1061 2279 ²
1093 2255 1113 2320 ά

105 2365 277 2452 Τερέντιος
301 2365 466 2451 Οὐάρρων
494 2365 667 2451 ίστόρηκεν
694 2364 731 2430 ἐν
758 2373 798 2449 τῇ
825 2366 1005 2446 θεολογικῇ
1031 2383 1140 2447 πραε

99 2475 246 2558 νεανία·

165 2577 288 2642 LXIII.
315 2581 425 2643 Ταῦτα
440 2575 703 2664 διαπραξάμενος
717 2577 735 2644 ὁ
748 2578 933 2664 Ταρκύνιος
947 2576 984 2642 ἐν
998 2579 1112 2665 είνηνχ

55 2695 133 2750 mn
160 2680 218 2749 καὶ
245 2685 328 2748 κατὰ
353 2683 519 2768 πολέμους
546 2681 602 2749 καὶ
630 2685 693 2750 δύο
720 2686 832 2761 πόλεις
859 2683 1032 2762 ἀποικίσας
1052 2686 1114 2769 τὴν

98 2787 159 2876 μὲν
183 2787 396 2873 καλουμένην
413 2792 558 2872 Σιγνίαν
582 2790 623 2856 οῦ
646 2791 729 2856 κατὰ
750 2794 960 2876 προαίρεσεν,
984 2788 1056 2856 ἀλλ’
1079 2791 1115 2856 ἐκ

97 2896 324 2981 ταύτομάτου,
352 2896 580 2980 χειμασάντων
603 2897 641 2963 ἐν
663 2904 709 2984 τῷ
732 2900 843 2984 χωρίῳ
866 2908 933 2963 τῶν
956 2914 1139 2983 στρατια-ι

98 3015 167 3070 τῶν
192 2999 248 3068 καὶ
270 3001 610 3087 κατασκευασαμένων
632 3003 670 3066 τὸ
693 3006 918 3088 στρατόπεδον
941 3004 986 3081 ὡς
1009 3000 1114 3087 μηδὲν

175 3161 387 3215 ἵΚαπιτωλίον
411 3158 465 3211 ΑΒ
555 3153 680 3214 8ἐπλΒ
717 3154 748 3214 ἐν
766 3159 792 3211 Α
881 3158 966 3214 θκαλ
990 3176 1043 3213 om.
1062 3155 1114 3207 AB

100 3237 134 3286 10
153 3230 355 3285 οίονταιΑΒῦ
385 3226 446 3284 οίόν
459 3229 549 3285 τεΒπ
565 3233 569 3298 Ι
586 3227 637 3284 εἰτ’
654 3225 705 3284 ἀπ’
722 3228 881 3318 αῦτομάτου
900 3230 978 3282 Αι
954 3231 1009 3283 ετε
1023 3227 1116 3277 ἀπ

98 3322 188 3373 τοματ
164 3300 272 3356 ’τουΒ
314 3302 368 3356 εἴτε
397 3301 453 3354 άπὸ
481 3299 657 3371 ταύτομάτου
640 3300 769 3369 vvulgo
807 3296 858 3355 εἴτ’
881 3296 974 3354 ἕκτα
956 3289 1115 3361 αυτομάτνο

97 3371 247 3441 Kiessling
311 3375 344 3424 11
363 3371 467 3442 ἄλλοις]
488 3370 602 3435 δλοιςΒ
668 3377 703 3424 24
721 3374 830 3440 Σιγνα
827 3391 863 3424 αν
880 3370 906 3422 A
942 3375 1116 3419 κατασκευα-

100 3444 224 3515 σάμενον
243 3437 339 3512 ΒΙέ
340 3462 357 3496 κ
375 3450 425 3496 τοῦ
444 3442 603 3513 αὐτομάτου
623 3442 645 3496 Ο
