2414 3840
545 181 708 231 -Δ-
1089 181 1134 247 55

111 337 168 404 καὶ
198 345 232 406 εί
258 363 297 424 με
327 340 447 425 φήσεις
473 346 654 426 θρασεῖαν,
686 344 723 406 τὸ
753 343 878 408 δοκοῦν
906 349 1015 409 αίτιον
1043 339 1134 411 εἶναί

110 469 169 530 μοι
195 455 258 512 τοῦ
287 449 449 532 μηδεμιᾶς
472 445 654 533 ὀρέγεσθαί
673 465 711 513 σε
734 452 814 533 μήτε
839 453 1030 535 φιλοτιμίας
1052 453 1133 534 μήτε

112 552 220 637 δόξης.
264 556 350 638 γυνή
373 571 429 620 σοι
452 555 587 620 σύνεστι
608 553 713 639 μηδὲν
732 556 860 622 ἐοικυῖα
878 567 948 634 τοῖς
967 567 1039 635 σοῖς
1057 561 1132 641 τρύ-

110 679 202 744 ποις,
230 661 252 744 ἥ
281 676 319 725 σε
344 666 493 744 κηλοῦσα
519 659 576 726 καὶ
598 659 789 749 κατᾴδουσα
812 665 988 747 μαλθακὸν
1011 664 1130 730 ἀποδέ-

111 767 215 851 δωκε,
245 765 302 833 καλ
329 769 440 850 λήσεις
466 764 522 832 ὑπ’
544 766 646 852 αὐτῆς
672 770 851 852 γενόμενος
878 769 912 848 έξ
940 771 1062 857 ἀνδρὸς
1090 774 1161 838 τὸε

110 871 233 957 μηδέν·
275 875 386 958 ὥσπερ
417 896 455 956 γε
486 871 585 958 κάμοὶ
617 876 789 960 ψοφοδεὴς
821 874 876 941 καὶ
909 874 1009 943 οὐδὲν
1043 881 1129 963 ἔχων

59 979 238 1067 ῖισάνδρδς
271 980 371 1066 ἀνήρ,
404 980 441 1056 ὅς
471 1003 512 1063 με
538 982 697 1065 ταπεινήν
725 992 816 1047 ποιεῖ
840 983 994 1067 μεγάλων
1023 980 1129 1050 οὖσαν

108 1086 208 1166 ἀξίαν
230 1086 287 1154 καὶ
310 1087 415 1170 καλήν
437 1089 475 1153 τὸ
498 1096 604 1172 σῶμα,
627 1094 858 1172 μαρανθεῖσαν
881 1084 914 1154 δ’
936 1084 991 1155 ὑπ’
1014 1091 1127 1158 αὐτοῦ.

108 1197 142 1260 εί
161 1191 200 1280 ξδ’
222 1193 388 1279 ἐξεγένετο
417 1198 475 1260 σοί
497 1220 533 1262 τε
561 1198 678 1279 λαβεῖν
705 1192 761 1278 ἐμὲ
788 1207 931 1278 γυναῖκα
958 1193 1040 1282 κάμέ
1064 1200 1162 1264 σοῦῖ

106 1311 223 1387 τυχεῖν
247 1300 382 1388 ἀνδρός,
405 1304 466 1369 οὐκ
489 1302 531 1369 ἀν
554 1303 591 1369 έν
615 1303 730 1387 ἰδιώτῃ
754 1304 816 1390 βίω
839 1311 1002 1370 τοσοῦτον
1022 1305 1125 1388 διεζή-
1135 1329 1161 1369 ιο

107 1427 216 1492 σαμεν
252 1410 386 1494 χρόνον.
431 1411 467 1474 τί
496 1405 559 1475 οὖν
591 1408 654 1475 οὐκ
685 1407 967 1494 ἐπανορθούμεθα
997 1411 1036 1476 τὸ
1068 1421 1126 1495 τῆς

106 1516 211 1598 τύχης
241 1514 409 1601 ἐλάττωμα
436 1515 530 1599 ἡμεῖς
552 1513 773 1600 μεταθέμενοι
796 1518 874 1592 τοὺς
897 1516 1038 1600 γάμους,
1068 1515 1125 1582 καὶ

107 1623 152 1685 σὺ
184 1617 247 1706 μὲν
279 1619 493 1698 ἀπαλλάττεις
524 1630 584 1687 τοῦ
617 1624 694 1705 βίου
726 1623 787 1706 τήν
815 1630 941 1686 σαυτοῦ
968 1632 1124 1705 γυναῖκα,

105 1726 172 1810 ἐγὼ
201 1725 240 1793 δέ
265 1727 366 1793 ταύτὸ
395 1729 600 1813 διαθήσομαι
628 1729 687 1794 τὸν
715 1727 797 1813 έμὸν
825 1728 946 1814 ἀνδρας
980 1727 1060 1792 ὅταν
1086 1725 1123 1795 δέ

105 1834 238 1900 τούτων
261 1833 557 1920 διαχειρισθέντων
578 1833 796 1919 συνέλθωμεν
816 1835 863 1911 είς
880 1833 992 1917 ταύτό,
1016 1833 1123 1920 ἀσφα-
1134 1858 1160 1899 15

104 1945 172 2017 λῶς
194 1942 260 2025 ήδη
284 1943 325 2006 τά
348 1943 446 2006 λοιτιά
469 1942 707 2026 βουλεύσομεν,
731 1939 882 2007 ἐκποδῶν
905 1940 1123 2027 πεποιημένοι

104 2049 146 2112 τά
178 2051 350 2112 λυποῦντα
381 2047 473 2132 ἡμᾶς.
519 2045 575 2113 καλ
606 2049 669 2130 γάρ
703 2046 761 2112 έάν
787 2041 890 2112 τᾶλλα
917 2070 967 2124 τις
994 2047 1122 2114 ἀδικεῖν

106 2152 205 2239 ὀκνῇ,
234 2155 403 2237 βασιλείας
429 2177 466 2237 γε
494 2155 593 2239 χάριν
617 2153 658 2218 οὐ
680 2153 812 2238 νέμεσις
834 2155 962 2219 ἅπαντα
985 2159 1121 2238 τολμᾶν.
1173 2159 1177 2165 ’

56 2272 104 2320 717
171 2259 276 2326 XXX.
303 2263 447 2325 Τοιαῦτα
463 2270 522 2344 τῆς
540 2263 682 2339 Τυλλίας
700 2262 862 2345 λεγούσης
875 2262 1018 2345 άσμενος
1033 2258 1121 2344 δέχε-

104 2391 158 2433 ται
185 2368 245 2444 τάς
272 2366 414 2453 αίρέσεις
441 2366 458 2433 ὀ
487 2368 687 2452 Ταρκύνιος,
714 2366 769 2432 καὶ
793 2367 910 2432 αὐτίκα
934 2367 1015 2444 δοὺς
1038 2366 1158 2453 αὐτῇσι

104 2478 232 2551 πίστεις
258 2471 313 2538 καὶ
341 2474 453 2557 λαβὼν
480 2475 521 2538 τὰ
547 2472 721 2559 προτέλεια
743 2484 811 2538 τῶν
834 2473 981 2539 ἀνοσίων
1004 2475 1121 2559 γάμων

105 2579 370 2666 διαπραξάμενος
402 2579 584 2666 ἀπέρχεται.
631 2581 827 2656 διελθόντος
859 2577 891 2644 δ’
924 2581 964 2646 οὐ
993 2586 1120 2648 πολλοῦ

104 2689 184 2772 μετὰ
202 2695 307 2752 ταῦτα
324 2688 450 2773 χρόνον
467 2697 537 2765 τοῖς
556 2687 670 2763 αὐτοῖς
685 2687 830 2751 πάθεσιν
844 2685 1119 2770 ἀποθνήσκουσιν

103 2796 123 2879 ἥ
145 2817 182 2861 τε
204 2791 412 2879 πρεσβυτέρα
435 2805 503 2859 τῶν
530 2798 674 2859 Τυλλίου
697 2791 896 2879 θυγατέρων
918 2792 972 2859 καὶ
996 2795 1014 2861 ὁ
1037 2798 1118 2863 νεώ-

101 2924 197 2987 τερος
229 2911 298 2965 τῶν
332 2904 537 2985 Ταρκυνίων.
558 2942 561 2947 ·
583 2899 731 2966 ἐνταῦθα
762 2901 862 2966 πάλιν
895 2900 1119 2988 ἀναγκάζομαι

101 3013 293 3092 μεμνῆσθαι
319 3009 449 3090 Φαβίου
480 3002 535 3071 καὶ
567 3006 604 3071 τὸ
638 3002 794 3094 ῥᾴθυμον
821 3007 926 3073 αὐτοῦ
953 3007 1028 3094 περὶ
1055 3012 1118 3094 τήν

1132 2873 1154 2936 2

1128 2959 1155 2999 26

171 3234 425 3290 4ιιαταιδοῦσαΒ
504 3233 580 3298 ῦείς
597 3235 628 3290 τὸ
648 3233 735 3306 μηδὲν
754 3236 780 3288 Α
855 3236 939 3292 ῦκαὶ
957 3236 1066 3307 καλ<ὴν
1085 3235 1116 3288 τδ

99 3305 200 3378 σῶμα)
219 3309 418 3375 μαρανθεῖσαν
436 3305 483 3359 Bb
499 3310 504 3375 Ι
520 3303 552 3361 δὲ
571 3306 751 3376 superscript.
770 3306 817 3359 Bb
899 3313 915 3360 9
934 3324 963 3359 τε
983 3305 1047 3359 add.
1066 3305 1088 3356 Β
1110 3302 1114 3369 Ι

99 3377 186 3448 κάμοὶ
204 3375 310 3430 Reiske
374 3383 405 3430 11
426 3374 572 3448 χρύνονΑ
610 3377 713 3450 βίονΒ
778 3382 810 3431 12
831 3371 1016 3442 έλάσοωμαΒ
1082 3375 1118 3425 14

98 3447 233 3517 διαθήσω
252 3463 275 3503 0.
295 3447 397 3503 Reiske
