2414 3840
121 191 166 256 90
548 194 712 242 -Δ-

121 353 320 439 προύτεινον
350 355 414 439 γὰρ
447 352 548 430 αύτάς
575 353 611 418 οί
630 348 785 436 Ῥωμαῖοι
811 351 1043 435 καταπλήξεως
1069 362 1141 418 τῶν

120 463 289 544 πολεμίων
313 457 423 525 ἕνεκα·
455 461 635 544 μαθόντες,
659 459 711 525 ὅτι
733 456 937 544 διέφθαρται
959 460 997 524 τὸ
1019 458 1141 544 ἕτερον

122 567 233 632 αὐτῶν
270 567 471 651 στράτευμα,
509 561 610 631 οὐδὲν
647 568 695 630 ἔτι
729 563 944 643 ἀπεδείξαντο
975 575 1140 648 γενναίου

123 675 238 756 ἔργον,
269 668 342 738 ἀλλ’
363 675 410 749 είς
438 673 562 748 ἱκεσίας
584 670 639 737 καί
662 673 791 754 δεήσεις
813 674 1015 757 τραπόμενοι
1037 671 1141 758 παρέ-

86 758 229 872 Ξδοσαν
256 777 403 856 ἑαυτούς.
450 777 538 844 ούτω
566 774 597 843 δ’
619 780 762 863 αἰσχρῶς
784 775 840 844 καὶ
862 788 970 855 κακῶς
993 777 1140 862 ἀμφοτέ-

124 907 193 967 ρων
216 895 284 950 τῶν
307 882 542 970 στρατοπέδων
565 884 851 971 ἀναρπασθέντων
873 886 921 962 είς
944 885 1064 962 στενὰς
1086 883 1141 952 il·

122 992 221 1068 πίδας
235 991 270 1057 οί
276 994 422 1074 Σαβῖνοι
435 989 741 1075 κατακεκλεισμένοι
755 989 811 1056 καὶ
824 987 900 1076 περὶ
913 1001 981 1056 τῶν
994 993 1140 1076 πόλεων,
1200 1007 1204 1015 ’

122 1098 166 1181 μή
200 1096 233 1175 ἐξ
265 1097 392 1182 ἐφόδου
423 1101 680 1182 καταληφθῶσι,
713 1098 859 1175 δεδιότες
890 1093 974 1183 ὑπὲρ
1003 1099 1142 1184 εἰρήνης

124 1205 399 1290 διεπρεσβεύοντο
430 1205 673 1289 παραδιδόντες
704 1213 792 1289 σφᾶς
819 1205 942 1281 αὐτούς
968 1204 1142 1288 ὑπηκόους

83 1330 110 1369 ιο
123 1304 209 1375 εἶναι
227 1312 417 1395 Ταρκυνίου
434 1307 490 1375 καὶ
509 1313 620 1396 φόρου
636 1311 674 1375 τὸ
694 1312 812 1376 λοιπὸν
832 1310 1009 1388 ὑποτελεῖς.
1048 1327 1142 1377 σπει-

124 1415 267 1499 ούμενος
298 1416 339 1498 δή
372 1417 456 1501 πρὸς
486 1416 609 1493 αύτούς
639 1417 700 1481 τὸν
725 1418 872 1501 πόλεμον
899 1414 955 1482 καὶ
984 1414 1038 1482 ἐπὶ
1065 1427 1141 1496 ταίς

123 1521 239 1599 αὐταῖς
261 1525 448 1606 συνθήκαις
469 1523 672 1608 παραλαβὼν
693 1524 751 1599 τάς
774 1526 888 1599 πόλεις
908 1521 962 1589 ἐπὶ
978 1524 1141 1590 Σύεσσαν

123 1626 234 1716 ᾤχετο.
272 1627 403 1694 ἐκεῖθεν
427 1626 464 1694 δὲ
483 1631 545 1712 τήν
562 1652 598 1694 τε
616 1634 898 1714 καταλειφθεῖσαν
917 1631 1064 1714 δύναμιν
1082 1629 1143 1696 καὶ

122 1735 162 1800 τά
194 1734 330 1818 λύφυρα
360 1733 415 1798 καὶ
442 1735 504 1817 τήν
534 1737 640 1819 ἀλλην
667 1734 856 1824 ἀποσκευήν
883 1735 1063 1820 ἀναλαβὼν
1090 1739 1143 1815 είς

82 1821 247 1936 1ῗχῬίιμην
270 1837 366 1926 ἀπῄει
385 1846 597 1907 πλουτοῦσαν
613 1843 676 1926 τήν
694 1843 851 1928 στρατιὰν
870 1842 1016 1926 ἀπάγων.
1049 1843 1143 1910 ἐποι-

123 1949 226 2030 ήσατο
265 1944 301 2012 δὲ
336 1945 390 2012 καὶ
421 1950 502 2033 μετά
532 1957 636 2014 ταῦτα
666 1951 791 2026 πολλάς
822 1949 958 2029 ἐξόδους
990 1947 1044 2016 ἐπὶ
1075 1953 1142 2036 τήν

11 2068 16 2091 '
126 2052 350 2119 Οὐολούσκων
372 2055 485 2140 χώραν
507 2051 582 2120 τοτὲ
604 2051 665 2139 μὲν
688 2054 796 2141 ἀπάση
819 2064 860 2140 τή
884 2055 1040 2141 δυνάμει,
1063 2061 1195 2128 τότειιο

126 2156 162 2225 δὲ
185 2158 277 2246 μέρει
299 2163 380 2244 τινί,
405 2158 460 2226 καὶ
483 2164 573 2238 λείας
594 2166 719 2246 πολλής
742 2161 872 2246 ἐγένετο
894 2163 1019 2243 κύριος.
1047 2163 1141 2250 Ἤδη

126 2264 163 2332 δὲ
185 2278 253 2331 τῶν
275 2269 439 2333 πλείστων
462 2267 551 2356 αὐτῷ
572 2269 654 2333 κατά
672 2277 757 2334 νοῦν
775 2270 977 2353 χωρούντων
995 2271 1143 2356 πόλεμος

82 2392 110 2432 20
125 2374 161 2439 ἐκ
191 2385 259 2439 τῶν
291 2373 424 2460 ὁμόρων
456 2373 577 2458 ἀνέστη
610 2378 719 2462 χρόνφ
752 2397 787 2440 τε
815 2378 953 2462 μακρός·
990 2378 1045 2460 ἔτη
1072 2379 1139 2464 γὰρ

124 2480 204 2546 ἑπτα
227 2491 374 2565 συνεχῶς
396 2481 601 2566 ἐπολεμήθη·
633 2479 688 2547 καὶ
710 2484 886 2566 παθήμασι
908 2487 1063 2567 χαλεποῖς
1082 2483 1141 2550 καὶ

123 2585 385 2671 ἀπροσδοκήτοις
412 2585 520 2671 μένας.
567 2582 625 2671 ἀφ’
652 2582 700 2652 ὧν
730 2582 761 2650 δ’
787 2589 903 2654 αἰτιῶν
929 2588 1051 2673 ήρξατο
1082 2589 1140 2656 καὶ

196 2819 211 2866 3
231 2812 416 2878 ἀπεδείξαντο
434 2812 511 2866 ΑΒο
545 2808 767 2886 <έ>πεδείξαντο
786 2812 833 2868 Bb
909 2820 927 2869 4
945 2818 1141 2886 παρεδίδοσαν

124 2883 178 2936 ΑΒ
213 2881 420 2953 παρέδοσανΒ
466 2881 731 2950 6είσ,.τεναςΒα
786 2887 1069 2958 ἵκατακεκλειμένοι
1088 2889 1137 2960 ΒΙ

123 2951 292 3023 πολέμωνΒ
383 2955 692 3028 9διεπρεοβεύοντοΒ
729 2957 980 3030 διεπρεσβεύσαντο
999 2959 1024 3011 R
1106 2967 1140 3014 10

125 3023 322 3096 σπεισάμενος]
342 3024 495 3095 λυσόμενος
509 3044 532 3082 ο.
546 3027 647 3081 Ροήαε
703 3033 736 3082 11
755 3027 804 3082 τὸν
823 3026 945 3099 πόλεμον
960 3028 1014 3084 (1ο1,
1029 3029 1142 3099 Kayser

123 3096 195 3151 Ann.
214 3095 284 3165 phil.
305 3102 374 3151 1866
392 3115 420 3166 p.
440 3103 474 3151 45
548 3103 580 3152 12
599 3099 715 3161 ταύταις
732 3106 795 3162 ταῖς
811 3099 858 3153 vel
875 3106 937 3164 ταῖς
955 3101 1055 3164 αύταῖς
1073 3119 1142 3158 συν·

123 3166 231 3235 θήκαις
253 3165 298 3230 αἷς
320 3165 458 3238 πρότερον
481 3167 629 3232 δπύπνιος
648 3171 735 3224 αὐτοῦ
754 3187 777 3223 ο.
798 3169 927 3241 Sylburg,
945 3173 1012 3241 post
1030 3173 1142 3242 συνθή-

124 3259 189 3301 καις
206 3238 337 3293 lacunam
356 3256 416 3293 esse
436 3241 465 3293 et
482 3239 613 3295 addenda
631 3239 665 3304 ἃς
678 3241 748 3308 πρὸς
761 3240 810 3296 τὸν
827 3242 944 3297 Τύλλιον
959 3238 1141 3314 ἐποιήσαντο,

127 3309 284 3380 Ταρκύνιος
302 3327 325 3365 ο,
345 3310 475 3364 Schnelle
494 3330 521 3380 p.
540 3317 574 3366 26
604 3365 608 3372 ,
644 3316 676 3366 15
696 3312 772 3381 ἀχων
791 3328 814 3367 ο.
835 3311 958 3367 Sintenis
975 3313 1037 3368 Em.
1056 3314 1141 3372 Dion.

123 3380 164 3433 III
183 3387 216 3434 22
291 3388 324 3436 17
343 3379 404 3436 τότε
417 3379 475 3451 μέν
495 3380 590 3453 ἀπάση
609 3391 642 3471 πή
662 3383 781 3452 δυνάμει
800 3383 905 3439 add.B
978 3391 1014 3439 20
1054 3388 1143 3458 ακρδς

124 3451 147 3503 Β
175 3456 272 3525 μακρῷ
287 3452 312 3504 R
362 3460 395 3508 22
411 3451 533 3523 μέχαςΒ
552 3452 810 3523 περιεπεσενΑΟΙ)
834 3454 985 3526 περιπετής
999 3473 1022 3512 ο.
1061 3457 1142 3514 eiske
