2414 3840
150 179 215 244 270
577 181 736 234 -ς-

149 353 272 408 τιατῶν
304 341 495 427 ἐπικουρίας
528 339 669 418 οὑὺἐνας
701 342 823 418 άλλους
853 341 950 427 ὁρᾶτε
979 343 1168 418 κοινωνοὺς

148 452 316 534 παρόντας
339 448 452 525 αὐτοῖς
474 457 535 514 τοῦ
553 445 714 533 πολέμου·
741 448 835 532 ήμείς
848 444 885 513 ’θ’
912 448 1061 524 ἅπαντας
1080 447 1168 513 Οὑο-

149 557 313 632 λοὺσκους
341 554 433 638 ήξειν
456 554 569 631 αὐτοῖς
591 553 869 638 ὑπελαμβάνομεν
893 554 1089 638 συμμάχους
1111 552 1168 619 καὶ

149 664 309 745 Σαβίνων
332 684 367 727 τε
389 659 444 726 καὶ
458 655 621 746 Ἑρνίκων
646 665 791 745 συχνοὺς
808 658 864 725 καὶ
883 664 1024 746 μυρίους
1043 661 1168 738 ἀλλους

113 741 206 868 5562&
233 776 331 851 κενής
358 767 603 853 ἀνεπλάττομεν
629 767 710 852 ἡμῖν
738 767 851 844 αὐτοῖς
874 770 1011 851 φόβους.
1059 766 1169 833 πάντα

150 871 180 938 θ’
203 869 246 957 ήν
269 875 334 960 άρα
352 883 455 940 ταῦτα
468 876 625 940 Λατίνων
643 875 810 960 όνείρατα,
832 870 1029 958 ὑποσχέσεις
1048 876 1175 967 ἔχοντα,

148 981 245 1057 κενάς
271 979 328 1046 καὶ
355 981 490 1058 ἐλπίδας
517 980 650 1058 ἀτελείς.
696 982 732 1047 οί
756 977 818 1065 μὲν
845 981 909 1065 γάρ
937 979 1167 1062 ἐγκαταλελοί-

148 1102 250 1151 πασιν
287 1087 397 1153 αὑτῶν
433 1089 495 1171 τήν
527 1087 733 1173 ἐπικουρίαν
751 1089 1067 1172 καταφρονήσαντες
1099 1095 1192 1152 τῶνλθ

148 1205 342 1279 στρατηγῶν
366 1191 462 1278 <ἐπὶ>
485 1203 543 1278 τῆς
565 1197 817 1280 στρατολογίας,
840 1193 877 1257 οί
901 1189 938 1257 ὑὲ
961 1195 1163 1277 μελλήσουσι

113 1325 139 1364 10
149 1305 275 1383 μᾶλλον
296 1300 314 1384 ’ή
334 1303 545 1384 βοηθήσουσι
561 1303 732 1385 τρίβοντες
750 1299 787 1365 ἐν
806 1311 877 1376 ταῖς
891 1298 1001 1365 ἐλπίσι
1014 1301 1075 1365 τὸν
1089 1303 1163 1386 χρό-

147 1428 221 1489 νον,
246 1406 281 1470 οί
300 1403 337 1471 ὑὶ
356 1415 420 1471 νῦν
439 1408 533 1483 ὄντες
551 1406 588 1472 ἐν
607 1416 831 1491 παρασκευαῖς
847 1405 1091 1492 ὑστερήσαντες
1109 1414 1163 1489 τῆς

149 1512 253 1596 μάχης
276 1509 378 1578 οὐδὲν
401 1515 449 1578 ἔτι
473 1512 586 1589 αὐτοῖς
607 1515 764 1598 χρήσιμοι
786 1501 993 1596 γενήσονται.

215 1618 305 1684 VIII.
337 1621 382 1684 Εί
413 1617 453 1684 ὑέ
477 1642 565 1695 τινες
591 1620 688 1703 ὑμῶν
714 1627 818 1684 ταῦτα
847 1615 908 1702 μὲν
935 1618 1049 1704 ὀρθῶς
1077 1621 1162 1704 εἰρή-

149 1731 231 1790 σθαι
255 1730 465 1811 νομίζουσιν,
494 1727 684 1811 ὀρρωδοῦσι
708 1722 746 1790 ὑὲ
768 1727 805 1791 τὸ
829 1736 897 1790 τῶν
920 1725 1162 1810 ἀντιπολεμίων

113 1837 294 1916 ιιπλήθος,
324 1836 462 1920 βραχείᾳ
490 1834 608 1917 διδαχή
637 1829 837 1917 μαθέτωσαν
859 1832 900 1896 τά
923 1831 967 1916 μή
992 1832 1089 1896 δεινά
1113 1833 1163 1896 ὑε-

149 1941 271 2022 ὑιότες,
304 1944 430 2025 μᾶλλον
463 1934 493 2003 δ’
521 1939 717 2023 ἀναμνήσει·
758 1948 892 2022 πρῶτον
922 1934 983 2022 μὲν
1016 1936 1163 2024 ἐνθυμη-

147 2044 279 2129 θέντες,
308 2046 360 2111 ότι
387 2047 502 2111 πλεῖόν
531 2044 622 2111 ἐστιν
650 2044 687 2110 ἐν
711 2044 825 2120 αὐτοῖς
847 2045 884 2108 τὸ
908 2043 1162 2130 ἠναγκασμένον

148 2154 188 2217 τά
217 2152 302 2217 ὅπλα
331 2149 409 2217 καθ’
435 2152 530 2237 ήμῶν
558 2151 752 2236 ἀναλαβεῖν,
785 2151 830 2228 ὑς
859 2150 895 2215 ἐκ
922 2156 1057 2216 πολλῶν
1086 2151 1163 2237 ήμίν

149 2262 257 2346 ἐργων
283 2281 318 2324 τε
346 2257 401 2324 καὶ
429 2262 539 2341 λόγων
568 2258 728 2343 ἐδήλωσε,
755 2260 792 2323 τὸ
818 2255 848 2323 δ’
872 2257 1026 2324 ἑκούσιόν
1049 2256 1164 2324 τεκαὶ

112 2389 138 2428 εο
149 2366 184 2431 ἐκ
206 2369 398 2452 προθυμίας
419 2363 503 2452 ὑπὲρ
526 2376 594 2430 τῶν
616 2365 792 2452 τυράννων
810 2365 1056 2449 ἀγωνιζόμενον
1074 2366 1163 2431 πάνυ

148 2473 278 2556 ὀλίγον,
307 2478 434 2557 μᾶλλον
461 2469 497 2538 ὑὲ
520 2473 706 2538 πολλοστὸν
728 2471 827 2558 μέρος
849 2494 881 2536 τι
904 2479 964 2536 τοῦ
986 2470 1163 2558 ήμετέρου·

148 2577 254 2644 ἔπειθ’
277 2579 328 2644 ὅτι
350 2582 429 2656 τοὺς
452 2578 616 2664 πολέμους
639 2580 786 2655 ἅπαντας
809 2578 870 2662 οὐχ
889 2578 925 2642 οί
940 2566 1077 2656 πλείους
1095 2589 1164 2655 τοῖς

112 2686 306 2772 2άριθμοίς
329 2693 566 2772 κατορθοῦσιν,
592 2681 662 2750 ἀλλ’
686 2684 722 2748 οί
741 2687 911 2771 κρείττους
929 2685 1039 2770 ἀρετή.
1076 2687 1162 2750 πολὺ

149 2792 190 2857 ἀν
215 2795 314 2879 ἔργον
338 2799 389 2876 είη
412 2794 661 2876 παραδείγματα
685 2791 812 2877 φέρειν,
839 2791 901 2855 ὅσα
924 2790 1106 2876 βαρβάρων
1129 2813 1163 2855 τε

112 2897 203 2964 ιτκαὶ
221 2895 392 2983 Ἑλλήνων
413 2898 639 2984 στρατεύματα
657 2897 1031 2983 ὑπερβαλόνταπλήθει
1048 2894 1205 2982 μικραὶ1οι

219 3099 234 3147 7
259 3090 310 3163 μὲν
338 3091 392 3162 γάρ
414 3091 439 3143 Α
480 3089 531 3160 μέν
559 3110 591 3161 γε
613 3091 639 3144 R
666 3090 701 3144 cf.
724 3089 881 3144 Ambroech
905 3091 941 3143 ad
963 3088 1013 3144 lib.
1036 3089 1063 3142 II
1084 3095 1162 3158 w

148 3173 163 3219 9
183 3165 371 3234 *στρατηγίας
390 3162 412 3217 O
450 3162 672 3232 ἀστρατηγησίας
690 3163 736 3217 vel
754 3170 803 3230 τής
817 3161 935 3231 ἀπείρου
951 3161 1121 3231 στρατηγίας
1139 3177 1161 3214 ο.

148 3236 269 3305 Sylburg
297 3234 428 3304 ἀπειρίας
441 3250 463 3288 ο.
484 3232 572 3286 Cobet
583 3233 647 3288 Obs.
662 3251 689 3302 p.
707 3240 757 3288 110
773 3231 820 3289 ἐπὶ
833 3240 882 3300 τής
896 3234 1095 3303 στρατολογίας
1107 3248 1162 3301 ego

149 3314 181 3362 10
206 3302 237 3361 ἐν
261 3312 322 3368 ταῖς
341 3300 468 3359 ἐλπίσιΟ
505 3310 601 3366 κεναῖς
620 3299 633 3358 ἐ
652 3323 675 3359 ο.
695 3305 840 3373 KiesslIng
876 3305 1009 3373 ματαίαις
1028 3303 1120 3361 ἐλπίσι
1139 3319 1162 3356 ο.

149 3378 322 3444 Grasberger
345 3375 420 3432 Τεεε.
444 3375 559 3444 Herbip.
578 3393 605 3444 p.
626 3382 660 3430 28
684 3394 721 3430 an
748 3380 860 3437 λεπταῖς
883 3371 989 3430 ἐλπίσιλ
1082 3379 1115 3427 21
1135 3391 1162 3427 τι

148 3450 201 3504 del.
221 3447 310 3501 Cobet
327 3446 345 3503 I.
364 3449 382 3503 I.
456 3453 490 3503 22
508 3444 658 3518 πολέμους]
676 3446 782 3509 πόνους
801 3451 825 3500 A
