2414 3840
496 193 659 242 -Δ-
1022 187 1085 253 123

108 344 148 414 ἐτ’
167 350 264 429 αὐτοῖς
296 357 408 436 οίομαι
440 353 513 417 δεῖν
539 360 675 435 ποιησαι
701 361 772 428 τοῖς
798 349 1089 437 παραληψομένοις

105 456 157 538 την
173 455 273 542 ἀρχήν.
318 465 518 524 σκοπεῖσθαι
542 457 655 542 μέντοι
670 455 764 542 φημὶ
787 465 907 544 χρῆναι
929 460 1008 533 τοὺς
1030 455 1124 521 άν-4

108 562 172 646 δρας
192 564 314 630 ἅπαντα
341 567 423 648 μετά
444 573 506 631 τοῦ
528 565 709 648 συνεδρίου
731 573 789 648 τῆς
812 567 949 649 βουλῆς,
979 564 1089 649 ὥσπερ

107 667 137 732 ολ
159 671 287 752 βασιλείς
314 669 467 754 ἐποίουν,
497 668 553 737 καὶ
580 666 686 756 μηδέν
712 671 869 756 πράττειν
897 672 973 755 δίχα
994 670 1090 754 ὑμῶν

107 771 153 838 καί
171 778 203 842 τά
227 776 368 856 δόξαντα
393 786 433 864 τῇ
461 781 566 863 βουλῇ
594 775 711 863 φέρειν
739 778 786 854 είς
812 778 872 843 τὸν
895 778 1016 862 δῆμον,
1045 779 1112 857 ὡςῡ

34 944 37 957 ,
105 890 163 957 τοῖς
181 886 351 968 προγόνοις
378 884 474 969 ἡμῶν
501 894 610 950 ποιεῖν
637 885 718 960 ἔθος
740 879 797 967 ἦν,
826 884 969 968 μηδενὸς
991 883 1088 969 ἀφαι-

108 987 260 1070 ρουμένους
287 989 391 1056 αὐτὸν
414 985 462 1056 ὧν
486 989 523 1056 έν
545 1000 615 1067 πολς
638 991 802 1076 πρότερον
823 1000 953 1075 καιροῖς
975 991 1090 1073 κύριος

107 1086 148 1173 ἦν.
178 1096 256 1161 οὕτω
284 1097 348 1182 γάρ
376 1096 488 1174 αὐτοῖς
511 1094 744 1181 ἀσφαλέστατα
766 1093 822 1160 καὶ
843 1095 1001 1160 κάλλιστα
1025 1093 1089 1173 ἔξει

107 1197 140 1260 τά
154 1209 198 1284 τῆς
217 1202 326 1288 ἀρχῆς.
1157 1251 1163 1274 ,

58 1314 108 1364 821
157 1304 289 1374 LXXVI.
322 1309 454 1392 Ταύτην
481 1306 743 1392 ἀποδειξαμένου
766 1308 828 1391 την
850 1309 988 1393 γνώμην
1007 1307 1090 1374 Ἰου-
1100 1325 1126 1365 10

108 1411 163 1476 νίου
180 1416 330 1501 Βρούτου
356 1415 477 1492 πάντες
503 1412 669 1500 ἐπῄνεσαν
697 1412 753 1480 καὶ
781 1414 899 1479 αὐτίκα
925 1413 1000 1501 περὶ
1023 1427 1091 1481 τῶν

34 1542 39 1551 ·
107 1518 365 1605 παραληψομένων
396 1521 456 1598 τάς
481 1520 661 1605 ἡγεμονίας
689 1519 824 1605 ἀνδρῶν
851 1523 1092 1605 βουλευόμενοι

105 1623 297 1708 μεσοβασιλέα
319 1623 381 1710 μέν
404 1629 540 1714 ἔκριναν
563 1625 804 1710 ἀποδειχθῆναι
827 1627 978 1710 Σπόριον
1002 1630 1091 1692 Λου-

103 1730 213 1812 κρήτιον
239 1732 300 1797 τὸν
329 1731 452 1819 πατέρα
479 1741 537 1816 τῆς
564 1730 829 1819 διαχρησαμένης
857 1729 991 1814 ἕαυτιβν·
1030 1730 1087 1796 ὑπ’

101 1831 207 1903 ἐκείνου
235 1835 273 1904 δέ
300 1841 379 1916 τοὺς
406 1837 539 1918 ἕξοντας
565 1839 627 1922 την
654 1848 721 1903 τῶν
748 1835 913 1921 βασιλέων
936 1836 1091 1917 ἐξουσίαν
1101 1861 1127 1901 ιτ

97 1939 312 2029 ὀνομασθῆναι
338 1945 485 2011 Λεύκιον
512 1942 658 2010 Ἰούνιον
680 1948 833 2030 Βροῦτον
863 1942 918 2008 καὶ
945 1944 1091 2011 Λεύκιον

96 2051 271 2136 Ταρκύνιον
306 2054 524 2117 Κολλατῖνον.
573 2052 652 2127 τοὺς
690 2045 721 2114 δ’
756 2051 918 2136 άρχοντας
953 2051 1128 2127 τούτους2

88 2156 197 2235 ἔταξαν
218 2162 395 2223 καλεῖσθαι
416 2158 498 2224 κατά
520 2157 583 2240 την
606 2154 734 2222 ἑαυτῶν
753 2157 925 2222 διάλεκτον
944 2156 1092 2221 κωνσού-

84 2267 152 2341 λας·
187 2271 287 2329 τοῦτο
315 2266 650 2350 μεθερμηνευόμενον
678 2264 724 2340 είς
746 2263 808 2346 τὴν
826 2258 968 2326 Ἑλλάδα
991 2265 1093 2343 γλῶτ-

80 2391 140 2434 ταν
166 2369 315 2453 τοῦνομα
343 2370 555 2455 συμβούλους
581 2368 602 2452 ἢ
630 2369 840 2454 προβούλους
868 2367 1006 2432 δύναται
1036 2368 1131 2451 δη-εο

78 2481 173 2559 λοῦν,
187 2479 347 2541 κωνσίλια
361 2477 425 2560 γάρ
440 2476 476 2542 οί
481 2471 636 2559 Ῥωμαῖοι
649 2476 707 2551 τάς
716 2473 908 2558 συμβουλάς
916 2477 1092 2540 καλοῦσιν·

76 2582 201 2647 ύπατοι
224 2576 257 2647 δ’
277 2576 339 2666 ὑφ’
355 2579 525 2665 Ἑλλήνων
548 2581 612 2647 ἀνὰ
629 2582 753 2668 χρόνον
773 2579 1022 2663 ὠνομάσθησαν
1041 2579 1094 2646 ἐπὶ

77 2697 140 2754 τοῦ
171 2685 337 2772 μεγέθους
368 2697 427 2771 τῆς
456 2687 621 2769 ἐξουσίας,
655 2687 705 2751 ὅτι
732 2687 868 2752 πάντων
895 2681 927 2751 τ’
953 2687 1093 2772 άρχουσι

74 2793 134 2860 καὶ
155 2795 220 2878 την
242 2793 398 2860 ἀνωτάτω
421 2794 534 2879 χώραν
557 2795 678 2877 ἔχουσι.
714 2793 752 2857 τὸ
776 2794 839 2878 γάρ
858 2791 1020 2879 ὑπερέχον
1038 2792 1094 2858 καὶ

77 2902 185 2988 άκρον
210 2900 340 2966 ὕπατον
370 2899 513 2966 ἐκάλουν
540 2899 576 2964 οί
598 2901 742 2964 παλαιοί.
787 2907 890 2964 ταῦτα
912 2899 1094 2982 βουλευσά-

74 3009 179 3092 μενοί
207 3029 243 3071 τε
274 3003 330 3071 καὶ
357 3004 639 3089 καταστησάμενοι
665 3002 721 3069 καὶ
747 3006 827 3082 τοὺς
852 3007 955 3082 θεοὺς
982 3005 1095 3089 εὐχαίς

1109 2873 1129 2936 3

1104 2957 1130 2998 25

150 3161 307 3233 θημῶνΒ
343 3163 421 3233 ὑμῶν
439 3161 465 3215 R
489 3161 493 3234 Ι
518 3166 610 3216 ποιεῖν
635 3159 698 3216 αδδ.
722 3158 771 3213 ΒΟ
795 3163 800 3224 1
825 3158 1094 3230 ἀφαιρουμένονςΒ

74 3235 141 3304 ίιφα
171 3234 288 3304 ούμενοι
306 3233 332 3286 R
401 3231 551 3288 ΒούτωΑ
587 3230 674 3294 οὕτως
692 3230 738 3284 Bb
776 3227 856 3293 οὗτος
874 3230 921 3284 B'a
977 3237 1009 3284 12
1029 3231 1095 3301 βου-

74 3254 312 3378 λ<εύύ>μενοιΒ
348 3302 514 3377 βουλόμενοι
532 3303 558 3356 R
648 3309 680 3356 15
700 3297 830 3368 ἐξουσίαν
856 3297 1094 3370 ὀνομασθῆναιΒ

74 3375 237 3446 ὀνομασίαν
261 3370 450 3443 ἐξετασθῆναι
469 3375 494 3428 R
566 3380 598 3428 18
620 3370 776 3446 έτα<ξ>αν.
795 3374 946 3427 καλεῖσθαι
964 3369 986 3420 Β
1003 3370 1008 3438 β
1024 3386 1095 3421 καν-

75 3449 185 3510 σιλίους
203 3445 227 3502 Ο
245 3447 359 3515 praeter
377 3445 400 3498 B
416 3450 420 3515 Ι
436 3444 487 3514 τὴν
506 3461 560 3500 om.
579 3443 602 3496 B
