2414 3840
525 176 689 224 -Λ-
1054 174 1117 239 113

96 357 162 398 νου
194 335 335 418 χρόνον,
367 331 431 410 ἕως
464 328 533 414 [οὗ]
566 333 626 398 τὸν
659 332 847 416 ἐπιτήδειον
880 332 971 411 ἔδοξε
1000 336 1118 418 καιρὸν

96 442 198 523 ἔχειν,
221 438 401 523 φυλάττων
419 439 457 504 τὸ
476 440 689 525 προσποίημα
707 450 765 524 τῆς
783 439 908 523 ἀνοίας,
928 438 961 518 ἐξ
981 434 1021 505 οὗ
1040 442 1118 505 ταύ-

95 568 156 628 της
180 547 275 629 ἐτυχε
296 554 355 629 τῆς
373 545 576 630 ἐπωνυμίας·
599 540 689 611 τοῦτ’
707 546 810 611 αὐτὸν
829 545 991 633 ἐρρύσατο
1011 546 1117 632 μηδὲν

45 652 212 717 εοὸδεινὸν
235 651 301 716 ὑπὸ
324 661 386 716 τοῦ
408 651 579 735 τυράννου
601 658 726 717 παθεῖν
749 657 882 718 πολλῶν
903 651 958 718 καὶ
977 653 1116 737 ἀγαθῶν

95 757 234 842 ἀνδρῶν
257 754 508 841 ἀπολλυμένων.
1127 777 1140 817 ε

163 862 337 930 LXVIIII.
359 866 628 948 Καταφρονησας
649 865 713 949 γάρ
737 864 755 930 ὁ
774 865 957 951 Ταρκύνιος
979 876 1037 949 τῆς
1060 867 1115 931 δο-

94 971 224 1053 κούσης
242 963 330 1035 εἶναι
348 967 424 1055 περὶ
442 967 557 1052 αύτόν,
581 966 653 1035 ἀλλ’
677 970 718 1035 ού
736 965 809 1035 κατ’
830 971 992 1054 ἀληθειαν
1011 971 1116 1055 ὑπαρ-

94 1076 224 1160 χούσης
246 1078 383 1161 μωρίας,
407 1075 615 1160 ἀφελόμενος
637 1077 765 1142 ἅπαντα
788 1079 828 1141 τὰ
847 1085 992 1165 πατρῷα,
1015 1081 1116 1164 μικρὰ

93 1176 128 1247 δ’
154 1184 205 1260 είς
235 1182 297 1248 τὸν
323 1177 402 1248 καθ’
427 1180 555 1268 ἡμέραν
580 1184 657 1266 βίον
685 1182 907 1269 ἐπιχορηγῶν,
940 1184 985 1261 ὡς
1012 1186 1116 1250 παῖδα

94 1288 253 1374 ὀρφανὸν
274 1287 462 1374 ἐπιτρόπων
480 1290 528 1353 ἐτι
547 1289 710 1374 δεόμενον
729 1288 911 1374 ἐφύλαττεν
930 1288 990 1375 ὑφ’
1009 1289 1113 1380 ἑαυτῷ
1130 1312 1155 1351 10

92 1396 298 1460 διαιτᾶσθαί
320 1418 357 1460 τε
385 1395 556 1479 μετὰτῶν
580 1395 677 1460 ίδίωυ
700 1397 831 1461 παίδων
855 1394 1045 1483 ἐπέτρεπεν,
1074 1398 1116 1463 οὐ

94 1501 155 1565 διὰ
178 1503 289 1587 τιμήν,
313 1501 359 1578 ὡς
380 1499 557 1585 ἐσκήπτετο
580 1502 663 1587 πρὸς
685 1504 764 1579 τοὺς
781 1500 882 1580 πέλας
901 1495 956 1568 οἷα
974 1505 1015 1588 δη
1036 1522 1115 1588 συγ-

91 1608 209 1691 γενής,
235 1605 307 1673 ἀλλ’
329 1607 386 1672 ἵνα
408 1603 536 1689 γέλωτα
557 1605 684 1693 παρέχῃ
708 1617 778 1685 τοῖς
802 1611 984 1693 μειρακίοις
1007 1606 1115 1692 λέγων

90 1710 125 1777 τ’
153 1712 280 1797 ἀνόητα
309 1713 417 1778 πολλὰ
448 1710 504 1778 καί
532 1714 687 1799 πράττων
716 1714 816 1797 ὅμοια
842 1723 913 1790 τοῖς
939 1710 1010 1777 κατ’
1038 1712 1116 1797 ἀλή-

90 1825 199 1884 θειαν
220 1819 375 1903 ἠλιθίοις.
416 1814 472 1883 καὶ
496 1819 538 1902 δὴ
561 1816 618 1884 καὶ
640 1820 694 1885 ὅτε
716 1828 762 1908 τῷ
787 1825 945 1907 Δελφικῷ
970 1803 1155 1916 μαντείιγιιῗ5

92 1922 327 2010 χρησομένους
345 1922 520 1990 ἀπέστελλε
539 1925 618 2001 τοὺς
637 1925 698 1989 δύο
717 1935 785 1990 τῶν
803 1925 934 1990 παίδων
949 1923 1114 2011 ’Ἀρροντα

91 2030 153 2097 καὶ
180 2035 280 2097 Τῖτον
306 2027 390 2116 ὑπὲρ
419 2038 481 2095 τοῦ
508 2035 642 2116 λοιμοῦ·
678 2028 864 2115 κατέσκηψε
894 2032 957 2117 γάρ
986 2056 1035 2109 τις
1062 2030 1115 2098 ἐπὶ

91 2145 155 2220 τῆς
183 2135 313 2204 ἐκείνου
340 2138 509 2220 βασιλείας
537 2137 599 2202 οὐκ
627 2139 769 2202 είωθνῖα
796 2140 897 2214 νόσος
920 2140 968 2215 είς
990 2137 1115 2222 παρθέ-

91 2265 181 2319 νους
201 2264 237 2307 τε
259 2239 314 2307 καὶ
335 2243 472 2325 παῖδας,
502 2239 561 2327 ὑφ’
583 2238 623 2326 ἧς
645 2244 752 2308 πολλὰ
775 2243 944 2329 διεφθάρη
969 2245 1114 2328 σώματα,

93 2346 310 2433 χαλεπωτάτη
334 2344 372 2413 δὲ
394 2346 450 2413 καὶ
473 2345 631 2426 δυσίάτος
649 2350 696 2426 είς
713 2349 772 2425 τὰς
789 2349 936 2425 κυούσας
953 2359 1114 2432 γυναῖκας
1128 2370 1154 2410 νο

94 2453 214 2530 αὐτοῖς
244 2453 405 2539 βρέφεσιν
437 2454 681 2521 ἀποκτείνουσα
711 2456 769 2531 τὰς
801 2452 943 2540 μητέρας
975 2454 1012 2520 ἐν
1043 2467 1114 2534 ταῖς

42 2569 230 2644 ὀοογοναλς·
252 2560 315 2642 την
330 2558 360 2625 τ’
378 2561 488 2626 αἰτίαν
506 2570 564 2644 τῆς
581 2563 686 2627 νόσου
704 2572 831 2643 γνῶναι
845 2562 935 2647 παρὰ
947 2570 1009 2627 τοῦ
1027 2568 1113 2628 θεοῦ

93 2662 152 2731 καὶ
171 2666 234 2749 την
251 2665 351 2730 λύσιν
369 2669 573 2752 βουλόμενος
591 2665 780 2752 συνέπεμψε
794 2667 950 2733 κάκεῖνον
963 2669 1030 2752 ἀμα
1044 2680 1113 2747 τοῖς

93 2774 282 2858 μειρακίοις
308 2772 495 2855 δεηθεῖσιν,
523 2773 580 2838 ἴνα
607 2775 854 2840 κατασκώπτειν
880 2798 916 2840 τε
942 2772 998 2840 καὶ
1023 2796 1113 2860 περι-

94 2881 246 2964 υβρίζειν
277 2879 393 2962 ἔχοιεν.
435 2877 480 2955 ὡς
509 2875 546 2942 δὲ
575 2883 854 2964 παρεγενήθησαν
884 2878 937 2947 ἐπὶ
966 2883 1003 2946 τὸ
1031 2862 1153 2976 ματ-ζ)5

94 2993 188 3049 τετον
212 2981 249 3047 ολ
269 2985 439 3048 νεανίσκοι
460 2980 516 3048 καὶ
538 2986 617 3060 τοὺς
635 2988 803 3070 χρησμοὺς
823 2989 944 3070 ἔλαβον
961 2984 1045 3071 ὑπὲρ
1065 2983 1113 3054 ὧν

169 3133 258 3193 1ὀῦ
278 3137 370 3193 delevi
424 3137 535 3194 8τούτ’
552 3139 680 3194 αύτδνΟ
717 3148 798 3195 τοῦτο
818 3139 845 3196 δ’
863 3142 949 3197 αὐτόν
968 3142 1112 3210 Kiessling

96 3217 112 3264 ⁷
131 3208 206 3264 κατὰ
220 3212 246 3264 Α
282 3206 343 3263 ἀλλ’
360 3209 393 3264 ού
412 3207 475 3264 κατ’
492 3209 632 3279 ἀλήθειαν
655 3212 834 3281 ὑπαρχούσης
852 3213 906 3267 del.
926 3212 1028 3267 (δαεῖεν
1046 3213 1111 3266 Obs.

95 3299 122 3350 p.
142 3286 177 3336 36
252 3284 286 3334 10
306 3276 489 3351 έπεδεόμενον
513 3281 539 3333 Α
575 3279 615 3337 ἔτι
633 3281 810 3351 δεόμενονΒ
884 3290 917 3338 12
937 3278 1111 3353 συγγενὴεθ

96 3358 217 3422 συγγενῆ
235 3349 338 3420 Pflugk
415 3356 448 3405 14
466 3353 536 3407 τεΒ
615 3358 647 3407 17
666 3350 916 3423 κατέτκηψειαρΒ
988 3357 1021 3404 21
1041 3350 1111 3400 ἀπο-

95 3425 230 3478 κτείνασα
248 3421 275 3475 A
381 3436 387 3443 ’
805 3423 809 3430 ’

147 3523 251 3564 mom.
265 3522 331 3562 Eu.
344 3521 376 3562 11.
396 3531 435 3562 ιο.
449 3522 550 3564 σεοοει.
936 3513 951 3559 8
