2414 3840
98 167 164 232 310
526 169 687 220 -ς-

97 354 194 413 νους,
223 327 279 394 καὶ
306 332 451 406 πολλοὺς
474 329 726 405 ἀποκτείναντες
749 326 955 414 ἀνέστρεψαν
980 331 1028 406 είς
1050 331 1111 415 τὴν

97 441 196 503 πόλιν
229 437 366 520 ἄγοντες
396 435 624 520 αἰχμαλώτους
655 436 744 501 ποίνυ
772 438 924 520 συχνούς.
970 438 1051 513 τούς
1077 460 1111 502 τε

97 545 181 610 κατὰ
210 544 271 625 τὴν
301 544 399 606 πόλιν
428 542 527 617 όντας
549 544 725 625 Σαβίνων,
753 544 789 606 οἳ
812 543 894 607 κατὰ
921 541 1005 619 θέας
1033 547 1112 628 πρό-

98 667 203 734 φασιν
222 648 402 733 ἀφιγμένοι
419 652 737 734 προκαταλήψεσθαι
754 661 824 725 τοῖς
838 648 969 713 ἐπιοῦσι
983 651 1024 714 τδι
1039 649 1112 735 ἐρύ-

71 776 184 839 εματα
207 762 264 838 τὴς
286 756 413 831 πόλεως
436 757 589 838 ἔμελλον,
613 755 723 840 ὥσπερ
747 754 860 831 αὐτοῖς
883 754 1111 840 συνετέτακτο,

98 861 338 945 ἀναζητοῦντες
361 863 408 937 είς
430 863 470 926 τδι
494 864 703 945 δεσμωτήρια
725 864 948 928 κατετίθεντο.
993 865 1053 940 τὰς
1077 860 1113 928 δέ

97 970 231 1051 θυσίας,
251 959 303 1044 αἷς
322 967 339 1033 ὁ
358 971 502 1052 πόλεμος
520 967 674 1052 ἐμποδὼν
694 965 835 1051 ἐγένετο,
856 970 1032 1047 διπλασίας
1046 980 1112 1034 τῶν

97 1073 269 1160 προτέρων
293 1073 520 1157 ψηφισάμενοι
544 1067 645 1150 αὖθις
668 1072 705 1138 έν
728 1074 923 1151 εὐπαθείαις
945 1070 1042 1158 ἡσαν.

163 1197 301 1264 XXXII.
324 1197 397 1262 Ἔτι
421 1195 458 1262 δέ
480 1201 763 1282 πανηγυρίζουσιν
782 1199 894 1276 αὐτοῖς
912 1198 1154 1285 πρεσβευταὶῶι

58 1325 85 1364 ιο
97 1313 253 1390 παρῆσαν
277 1303 310 1383 ἐξ
334 1307 458 1382 ἔθνους
477 1300 679 1389 Ἀρούγκων,
703 1307 739 1369 ολ
758 1314 815 1389 τὴς
831 1308 1028 1389 Καμπανῶν
1051 1306 1114 1391 χῶ-

98 1433 159 1495 ρας
186 1410 226 1473 τδι
255 1409 414 1474 κάλλιστα
440 1411 538 1474 πεδία
566 1421 727 1494 κατεῖχον.
774 1405 868 1476 οὗτοι
893 1413 1113 1490 καταστάντες

98 1513 151 1581 ἐπὶ
178 1517 240 1600 τὴν
268 1516 395 1600 βουλὴν
422 1514 540 1600 ἡξίονν
567 1517 628 1600 τὴν
654 1516 879 1582 Οὐολούσκων
902 1528 970 1584 τῶν
993 1525 1113 1585 καλου-

98 1622 209 1707 μένων
224 1616 429 1707 Ἐχετρανῶν
447 1623 570 1709 χῶραν,
589 1623 632 1706 ἡν
651 1623 852 1708 ἀφελόμενοι
870 1628 949 1702 τοὺς
963 1623 1113 1712 Ἐχετρα-

97 1732 178 1806 νοὺς
192 1725 347 1814 Ῥωμαῖοι
369 1730 568 1815 κληρούχοις
590 1730 637 1805 είς
660 1731 814 1813 φυλακὴν
837 1739 897 1795 τοῦ
920 1733 1045 1808 ἔθνους
1064 1732 1114 1797 έκ-

59 1856 84 1896 ιτ
97 1843 281 1921 πεμφθεῖσι
296 1835 476 1920 διένειμαν,
491 1834 689 1900 ἀποδιδόναι
702 1839 799 1920 σφίσι
813 1833 868 1900 καὶ
881 1837 943 1920 τὴν
958 1841 1115 1923 φρουρὰν

99 1943 283 2027 ἀπαγαγεῖν
307 1940 340 2019 ἐξ
361 1942 475 2025 αὐτῆς·
499 1942 557 2007 ἐὰν
577 1938 614 2006 δέ
632 1943 676 2026 μὴ
695 1944 891 2025 ποιήσωσιν,
912 1942 1115 2029 Ἀρούγκους

98 2048 238 2132 ἡξοντας
270 2049 323 2115 ἐπὶ
354 2050 415 2133 τὴν
438 2044 608 2133 Ῥωμαίων
641 2049 757 2132 ὀλίγον
784 2051 909 2133 χρόνον
935 2048 992 2115 καί
1022 2054 1116 2130 δίκας

99 2153 309 2239 ληψομένους
333 2155 422 2219 ὅσων
446 2154 599 2220 διέθεντο
623 2157 702 2232 τοὺς
725 2155 869 2239 ὁμόρους
891 2168 1003 2221 κακῶν
1025 2156 1115 2223 ἐκδέ-

64 2266 228 2346 2χεσθαι.
268 2256 421 2345 Ῥωμαῖοι
446 2256 476 2324 δ’
499 2260 612 2337 αὐτοῖς
634 2260 713 2325 τάδε
737 2260 969 2345 ἀπεκρίναντο·
998 2261 1115 2348 Ἀπαγ-

61 2387 87 2429 νο
101 2349 241 2451 γέλλετε,
266 2362 292 2432 ὦ
316 2365 480 2452 πρέσβεις,
501 2361 702 2451 Ἀρούγκοις,
727 2368 778 2433 ότι
796 2367 889 2451 ἡμεῖς
908 2369 944 2433 οί
958 2363 1115 2454 Ῥωμαῖοι

100 2475 294 2559 δικαιοῦμεν
313 2475 375 2540 ὅσα
394 2477 511 2539 κτᾶταί
527 2498 576 2550 τις
590 2474 689 2559 ἀρετῇ
703 2478 882 2559 πολεμίους
896 2475 1114 2561 ἀφελόμενος,

98 2589 201 2645 ταῦτα
236 2589 306 2656 τοῖς
338 2580 489 2664 ἐγγόνοις
520 2580 565 2656 ῶς
597 2581 702 2645 οίκεῖα
734 2582 966 2665 παραδιδόναι.
1019 2587 1115 2650 πόλε-

99 2709 164 2770 μον
188 2679 220 2749 δ’
248 2687 289 2750 οὐ
319 2685 454 2771 δέδιμεν
481 2685 540 2751 τὸν
560 2681 750 2770 Ἀρούγκων
780 2686 856 2751 ούτε
879 2698 1014 2771 πρῶτον
1038 2690 1116 2755 ούτε

101 2794 293 2858 δεινότατον
330 2792 503 2878 ἐσόμενον·
554 2790 629 2858 ἀλλ’
659 2791 707 2858 ,ἐν
743 2796 816 2857 ἔθει
856 2793 937 2877 ἡμῖν
974 2795 1117 2880 ὑπάρχει

60 2916 86 2956 25
100 2907 179 2964 πᾶσι
207 2897 371 2983 μάχεσθαι
399 2897 475 2985 περὶ
501 2908 559 2982 τὴς
585 2899 781 2982 ἡγεμονίας,
811 2897 867 2963 καλ
894 2899 1013 2984 ἀρετῆς
1035 2916 1117 2966 συν-

173 3150 206 3199 10
225 3143 254 3198 οἳ
271 3145 331 3213 τῆς]
352 3143 400 3198 καλ
418 3142 468 3198 ΒΟ
524 3150 556 3198 18
576 3143 708 3200 διέθεντο
726 3144 749 3197 Β
786 3142 927 3213 διέθηκαν
947 3161 970 3201 ο.
990 3146 1116 3219 Βθίελτελ

101 3211 270 3286 ἐκδέχεσθαι
293 3214 358 3269 add.
383 3212 457 3282 Cmg
529 3222 562 3270 23
587 3215 636 3270 τὸν
656 3213 733 3286 Ἀρού
753 3235 808 3270 κων
833 3216 854 3268 Β
891 3224 946 3271 τῶν
962 3214 1117 3287 Ἀρούγκων

101 3286 126 3340 R
142 3290 146 3357 1
163 3286 258 3342 δεινὸν
276 3285 300 3338 Β
346 3289 379 3338 25
398 3284 561 3355 *μάχεσθαι
579 3286 645 3357 περλ
663 3294 711 3355 τῆς
729 3236 880 3355 ἡγεμονίας
898 3287 947 3342 καλ
966 3288 1069 3357 ἀρετῆς
1088 3284 1118 3344 ἐν

101 3358 248 3429 ἀγωνισμῷ
271 3375 302 3411 τε
326 3351 459 3425 ἐσόμενον
479 3356 500 3412 Ο
538 3377 564 3426 μ.
585 3377 614 3411 π.
634 3377 656 3412 τ.
676 3357 840 3426 ἡγεμονίας·
864 3357 913 3411 καλ
931 3359 1033 3427 ἀρετῆς
1053 3355 1120 3414 ἐνα-

92 3429 226 3499 γόνισμα
249 3427 357 3490 τελείας
381 3423 515 3499 ἐσόμενον
539 3445 562 3483 ο.
580 3427 685 3482 Roiske
722 3426 881 3498 ἀγόνισμόν
904 3425 960 3484 τιν’
982 3425 1119 3500 ἐσόμενον
