2414 3840
516 187 680 236 -Δ-
993 180 1105 269 ,ετ

97 342 140 412 ὧν
160 347 355 432 αἰτούμενοι
378 348 475 424 δίκας
497 345 660 422 αὐθάδεις
680 345 810 410 ἔδωκαν
833 343 1032 429 ἀποκρίσεις.
1076 343 1111 408 οί

97 451 126 518 δ’
141 449 226 538 ἦσαν
241 452 369 538 ἕτοιμοι
383 456 648 539 προσδεχόμενοι
666 451 727 517 τὸν
743 453 890 535 πόλεμον
908 447 964 516 καὶ
984 449 1021 516 ἐν
1039 459 1109 526 τοῖς

49 560 214 637 τθοὸπλοις.
261 559 416 637 συνάψας
448 554 482 624 δ’
508 557 622 635 αὐτοῖς
652 557 761 642 μάχην
793 555 869 643 περὶ
896 558 937 622 τά
965 557 1145 642 μεθύριαδ

95 665 146 732 καὶ
166 669 320 743 πολλοὺς
338 661 399 750 μὲν
422 664 634 747 ἀποκτείνας,
664 664 744 738 τοὺς
767 658 805 728 δδ
827 665 967 740 λοιποὺς
988 662 1111 748 τρεψά-

95 795 192 856 μενος
213 769 271 838 καὶ
297 773 512 848 κατακλείσας
539 772 586 848 είς
613 770 651 835 τὸ
678 777 800 854 τείχος,
829 769 874 847 ὡς
896 767 1006 835 οὐκέτι
1029 788 1138 854 προσ

95 876 195 964 ῄεσαν
219 878 257 944 ἐκ
273 887 332 962 τῆς
349 880 487 958 πόλεως,
509 876 885 962 παραστρατοπεδεύσας
903 875 1017 952 αὐτοῖς
1035 874 1111 942 ἀπε-

94 983 241 1071 τάφρευέ
265 1005 300 1049 τε
326 980 382 1048 καί
410 982 650 1067 περιεχαράκου
678 978 734 1046 καὶ
756 982 945 1066 προσβολάς
968 981 1110 1048 ἐποιεῖτο

95 1101 160 1168 τοϊς
177 1094 301 1176 τείχεσι
316 1099 473 1175 συνεχεῖς.
511 1089 547 1154 οί
564 1084 595 1152 δ’
613 1087 714 1153 ἔνδον
732 1085 814 1164 τέως
828 1084 889 1172 μὲν
903 1087 1111 1174 ἀπεμάχοντο

95 1195 146 1262 καλ
180 1199 292 1263 πολὺν
311 1194 485 1280 ἀντέσχον
516 1203 556 1280 τῇ
587 1197 793 1280 ταλαιπωρίᾳ
825 1197 962 1280 χρόνον·
999 1196 1045 1273 ώς
1077 1190 1109 1261 δ’

96 1303 270 1370 ὑπέλειπεν
304 1303 427 1379 αὐτοὺς
452 1302 660 1385 τάπιτήδεια,
691 1299 951 1379 ἐξασθενοῦντες
978 1303 1019 1366 τά
1048 1303 1111 1368 σώ-
1126 1318 1152 1358 10

97 1434 178 1494 ματα
201 1407 259 1476 καὶ
282 1406 352 1474 οὔτ’
376 1408 571 1494 ἐπικουρίαν
590 1408 1015 1494 οὐδεμίανπροσλαβύντες
1034 1407 1108 1475 οὐδ’

96 1516 311 1592 ἀναπαύσεως
340 1514 575 1599 τυγχάνοντες,
606 1514 690 1579 ἀλλά
716 1511 771 1579 καὶ
798 1509 875 1599 μεθ’
901 1515 1029 1601 ἡμέραν
1056 1515 1113 1581 καὶ

96 1625 225 1708 νύκτωρ
249 1619 346 1686 αὐτοὶ
366 1625 654 1706 ταλαιπωροῦντες
672 1619 864 1685 ἀλίσκονται
882 1623 965 1686 κατά
982 1623 1111 1708 κράτος.

96 1732 275 1814 γενόμενος
305 1723 342 1792 δὲ
368 1735 428 1810 τῆς
453 1729 580 1803 πόλεως
607 1725 767 1810 ἐγκρατὴς
796 1728 874 1803 τοὺς
897 1722 960 1811 μδυ
983 1727 1019 1792 ἐν
1041 1727 1148 1804 τοϊς4

96 1835 209 1912 ὅπλοις
241 1832 432 1918 διέφθειρε,
464 1843 625 1917 γυναῖκας
652 1829 683 1897 δ’
711 1832 822 1897 αὐτῶν
849 1831 904 1897 καὶ
931 1831 1031 1898 τέκνα
1057 1832 1112 1898 καὶ
1127 1848 1153 1889 15

95 1944 171 2019 τοὺς
197 1940 445 2027 ὑπομείναντας
473 1940 702 2025 αἰχμαλώτους
724 1939 883 2022 γενέσθαι
905 1937 961 2005 καὶ
983 1943 1021 2007 τὸ
1044 1951 1112 2007 τών

95 2049 315 2133 θεραπόντων
350 2051 481 2129 πλῆθος
520 2041 592 2111 οὐδ’
625 2045 858 2131 ἀριθμηθῆναι
890 2043 1011 2134 ῥᾴδιον
1042 2058 1112 2126 τοίς

95 2154 310 2239 στρατιώταις
332 2150 511 2237 ἐπέτρεψεν
534 2150 722 2235 ἀπάγεσθαι
744 2154 806 2235 τήν
824 2150 851 2216 τ’
870 2153 976 2236 ἀλλην
994 2163 1111 2238 κτῆσιν

94 2270 150 2345 τῆς
171 2263 302 2336 πόλεως
324 2259 419 2341 άγειν
441 2255 497 2322 καὶ
521 2256 656 2343 φέρειν,
684 2263 719 2322 εί
737 2280 786 2334 τις
809 2257 971 2341 ἐπιτύχοι,
996 2262 1057 2342 τήν
1080 2255 1109 2324 τ’

51 2365 188 2444 wambe
205 2368 337 2450 τείχους
355 2363 410 2430 καὶ
428 2364 491 2447 τὴν
510 2361 561 2429 ἐπὶ
581 2373 649 2429 τῶν
667 2362 780 2450 ἀγρῶν
798 2363 933 2447 ἐφῆκεν·
963 2365 1112 2450 άργυρου
1126 2383 1153 2423 εο

95 2471 130 2538 δὲ
151 2471 211 2538 καλ
229 2474 367 2559 χρυσόν,
391 2471 470 2547 ὅσος
488 2467 624 2556 εὑρέθη,
647 2470 848 2554 συναγαγὼν
867 2471 914 2548 είς
932 2471 969 2536 ἓν
987 2474 1111 2557 χωρίον

93 2578 148 2645 καί
175 2580 240 2663 τὴν
268 2578 410 2659 δεκάτην
437 2575 630 2661 ἐξελόμενος
657 2579 704 2653 είς
726 2578 933 2661 κατασκευὴν
956 2578 1049 2664 ίεροῦ
1071 2582 1112 2646 τά

94 2686 194 2751 λοιπά
217 2686 367 2770 χρήματα
390 2693 460 2760 τοϊς
483 2684 698 2768 στρατιώταις
721 2685 852 2750 διεῖλεν.
889 2685 976 2750 οὕτω
996 2682 1029 2750 δ’
1048 2688 1147 2774 άραῦ

93 2793 201 2868 πολύς
225 2790 243 2856 δ
266 2786 494 2874 καταληφθεὶς
516 2790 662 2875 άργυρός
683 2813 718 2856 τε
736 2788 792 2855 καλ
810 2792 933 2876 χρυσὸς
950 2788 1004 2877 ἦν,
1028 2794 1111 2860 ὥστε

94 2908 162 2963 τῶν
195 2895 259 2982 μὲν
291 2905 502 2982 στρατιωτῶν
534 2895 674 2961 ἕκαστον
705 2895 802 2962 πέντε
833 2907 918 2982 μνᾶς
947 2896 1110 2986 ἀργυρίου
1125 2917 1152 2956 2⁵

165 3166 181 3214 3
206 3158 339 3226 συνάψας
358 3155 409 3213 ούν
432 3159 527 3221 αὐτοῖς
549 3175 573 3214 c.
596 3158 700 3213 Reiske
778 3165 794 3214 ὁ
817 3159 979 3231 προῄεσαν
1001 3161 1024 3213 Β
1045 3165 1050 3228 Ι
1071 3160 1111 3223 είς

94 3230 124 3284 τὸ
148 3235 240 3299 τεῖχος
263 3229 328 3284 add.
352 3229 376 3280 B
474 3236 490 3285 6
510 3230 612 3292 αύτούς
633 3247 656 3284 ο.
675 3228 778 3284 Reiske
879 3238 913 3285 10
932 3229 1067 3284 ἀπέλιπεν
1087 3247 1109 3283 ο.

95 3299 197 3356 Reiske
214 3304 218 3370 Ι
235 3299 292 3354 *τά
311 3295 498 3367 ἐπιτήδειαΟ
572 3306 604 3354 11
625 3297 734 3355 ούδὲΟ
772 3302 836 3357 ούτε
856 3301 1014 3368 Stephanus
1076 3307 1110 3353 13

95 3372 202 3442 νύκτωρ
231 3371 283 3426 ἀεί
308 3388 330 3426 ο.
354 3369 483 3425 Hertlein
505 3371 621 3426 Hermes
644 3371 739 3425 X413
765 3375 769 3442 Ι
800 3371 829 3427 ολ
854 3369 935 3425 αὐτοὶ
962 3385 984 3422 ο.
1009 3367 1111 3422 Garrer

96 3441 158 3499 Obs.
172 3462 200 3513 p.
217 3448 250 3497 12
