2400 3848
508 218 603 267 -Ε
640 243 673 254 ·
1035 216 1100 282 203

102 381 323 465 ιατελάμβανε·
356 382 507 465 φυλακάς
530 380 706 447 ἐποιοῦντο
726 375 770 447 δι’
793 382 872 465 ὅλης
890 383 1020 462 νυκτός,
1045 380 1100 445 ἵνα

94 485 142 569 μή
164 487 295 555 λάθοιεν
324 496 412 573 σφᾶς
439 488 651 574 ἀποδράντες.
694 490 738 567 ὡς
763 483 796 554 δ’
823 490 870 566 είς
891 490 953 573 τήν
971 484 1136 572 Ῥύμην4

93 590 256 673 τὸπάθος
283 593 478 680 ἀπηγγέλθη
504 599 630 682 ταραχή
652 592 682 661 τ’
703 592 746 680 ῆν
769 599 874 682 πολλῆ
898 594 953 663 καὶ
977 597 1102 682 δρόμος

97 693 150 765 ἐπὶ
165 704 201 768 τὰ
219 706 311 788 τείχη
334 701 390 768 καὶ
409 703 485 781 δέος
504 703 672 789 ἁπάντων,
696 705 740 788 μή
761 706 816 770 διδ
835 707 954 782 νυκτὸς
973 707 1021 783 είς
1038 705 1100 789 τῆν

96 809 185 874 πόλιν
201 812 335 877 ἔλθοιεν
354 810 391 877 οί
405 810 559 894 πολέμιοι
576 818 622 899 τῷ
636 813 873 897 κατορθώματι
887 812 1122 897 έπαρθέντες,ι

96 924 160 980 τάν
182 915 209 981 τ’
234 917 457 984 ἀπολωλότων
490 912 600 994 οἶκτος
631 917 686 984 καὶ
719 929 788 983 τῶν
816 917 1101 1005 περιλειπομένων
1158 956 1168 973 ι

99 1019 189 1108 ἕλεος,
209 1023 253 1101 ὡς
272 1023 628 1111 ἀναρπασθησομένων
647 1024 764 1089 αὐτίκα
783 1025 871 1109 μάλα
889 1024 933 1090 δι’
957 1025 1101 1111 ἀπορίαν

94 1138 159 1194 τόν
168 1129 366 1216 ἀναγκαίων,
385 1133 417 1197 εί
428 1134 473 1215 μή
486 1154 537 1209 τις
550 1131 665 1208 αὐτοῖς
678 1130 852 1217 ἐπικουρία
867 1134 963 1197 ἔλθοι
977 1131 1099 1216 ταχεία.

94 1229 213 1322 ἐκείνην
231 1238 294 1324 μέν
312 1233 375 1305 οὖν
394 1239 455 1322 τῆν
473 1239 578 1304 νύκτα
596 1241 746 1323 πονηράς
764 1240 901 1322 ἔχοντας
918 1239 977 1315 τάς
990 1240 1134 1324 ψυχάςὸ

93 1336 247 1428 ἄγρυπνοι
275 1346 407 1429 διῆγον·
444 1353 484 1430 τῆ
512 1343 542 1410 δ’
571 1343 644 1429 ἑξῆς
671 1344 776 1432 ῆμέρηι
803 1345 929 1422 πάντας
956 1349 1035 1422 τοὺς
1063 1345 1136 1412 ένιο

33 1441 173 1536 Μῖᾶιιμῆ
192 1455 400 1529 καθοπλίσας
422 1451 440 1517 ὁ
460 1451 571 1538 ἔτερος
589 1463 657 1517 τῶν
675 1451 811 1517 ὑπάτων
828 1455 1000 1536 Μενήνιος
1017 1449 1099 1536 ῆγεν

89 1548 280 1645 ἐπικούρους
306 1568 377 1637 τοῖς
405 1558 442 1625 έν
466 1567 512 1646 τῷ
537 1561 607 1645 ὄρει
630 1562 757 1644 κόσμον
779 1556 835 1623 καλ
857 1558 951 1638 τάξιν
975 1561 1100 1644 φυλάτ-

84 1678 207 1744 τοντας.
247 1668 377 1744 ίδόντες
396 1663 427 1730 δ’
450 1666 573 1743 αὐτοὺς
591 1666 627 1731 οί
643 1668 787 1749 Σαβῖνοι
805 1669 1005 1750 προσιόντας
1024 1667 1100 1732 οὐκ·

85 1763 141 1834 ἔτι
159 1765 374 1860 παρέμειναν,
405 1771 476 1838 ἀλλ’
500 1772 744 1857 ἀναστήσαντες
774 1773 834 1836 τὸν
862 1772 973 1837 αὑτῶν
1002 1789 1100 1857 στρα-

83 1875 148 1940 τδν
167 1876 249 1964 ῆγον
276 1880 341 1946 ἀπὸ
363 1887 426 1945 τοῦ
449 1879 550 1964 ὄρους
573 1878 723 1963 ἀποχρῆν
747 1880 896 1961 οἰόμενοι
919 1881 1016 1963 σφίσι
1038 1879 1137 1962 τήνω

83 1996 255 2071 παροῦσαν
284 1987 455 2071 εὐτυχίαν·
493 1983 548 2051 καὶ
579 1985 632 2051 οὐ,
650 1988 758 2051 πολὺν
788 1988 836 2051 ἔτι
868 1987 1101 2071 διατρίψαντες

83 2093 204 2173 χρόνον
227 2091 378 2180 ἀπῄεσαν
402 2090 455 2158 ἐπὶ
477 2094 518 2157 τά
536 2089 680 2178 σφέτερα
698 2095 764 2157 σὺν
782 2093 948 2177 αὐχήματι
967 2094 1099 2181 μεγάλω

86 2193 301 2288 βοσκημάτων
326 2223 362 2266 τε
384 2197 441 2265 καὶ
463 2197 687 2285 ἀνδραπόδων
709 2197 765 2264 καὶ
787 2200 965 2285 χρημάτων
990 2200 1100 2286 ἀφθό-

85 2318 165 2387 νους
185 2311 325 2393 άγοντες
349 2307 519 2391 ὠφελείας.

149 2410 315 2483 XXXXV.
342 2409 497 2499 Ῥωμαῖοι
526 2411 555 2478 δ
580 2413 844 2498 ἀγανακτοῦντες
871 2411 925 2478 έπλ
953 2421 993 2497 τῆ
1018 2428 1136 2496 συμ-εο

82 2530 172 2612 φορᾷ
198 2521 255 2590 καὶ
282 2523 343 2588 τὸν
371 2520 486 2607 ἕτερον
516 2532 584 2586 τῶν
612 2521 748 2585 ὑπάτων
772 2521 966 2605 Ποστόμιον
990 2518 1027 2584 έν
1050 2519 1100 2583 αί-

82 2622 167 2708 τίαις
195 2632 328 2716 ἔχοντες
357 2630 509 2712 ἔγνωσαν
541 2627 683 2705 άπάσαις
716 2627 878 2712 δυνάμεσι
906 2626 1099 2711 στρατεύειν

79 2737 165 2802 κατὰ
181 2737 280 2822 τάχος
298 2733 353 2800 έπλ
370 2735 432 2818 τῆν
446 2736 606 2817 Σαβίνων
620 2743 696 2819 γῆν,
714 2736 776 2817 τήν
789 2757 824 2798 τε
838 2729 940 2817 ῆτταν
959 2734 1100 2819 αίσχρδν

82 2836 141 2904 καὶ
167 2841 366 2909 ἀνέλπιστον
392 2839 578 2925 γενομένην
604 2840 841 2925 ἐπανορθῶσαι
863 2841 1100 2926 προθυμούμε-

83 2955 154 3033 νοι,
174 2947 229 3016 καλ
251 2947 305 3015 ἐπὶ
327 2956 367 3034 τῆ
390 2945 511 3014 νεωστὶ
534 2946 720 3032 ἀφικομένη
740 2949 829 3033 παρά
846 2958 915 3013 τῶν
933 2951 1102 3034 πολεμίων
1111 2965 1138 3009 ει

84 3059 242 3145 πρεσβεία
268 3055 398 3138 πολλὴν
424 3055 522 3141 ύβρις
549 3054 672 3140 έχούση
699 3051 755 3119 καὶ
783 3054 971 3120 αὐθάδειαν
999 3055 1101 3140 ἀχθό-

163 3284 357 3360 λάπορ<ι>αν
375 3284 423 3338 Bb
481 3289 497 3338 8
515 3289 614 3352 ταχεῖα
634 3280 715 3338 έλθοι
733 3283 756 3336 Β
772 3286 776 3354 Ι
792 3282 919 3351 πονήρας
938 3301 960 3337 ο.
981 3281 1101 3350 Stepha-

88 3356 147 3403 ΗΠΒ
194 3362 226 3410 14
242 3357 293 3412 τὸν
312 3357 406 3411 αὐτῶν
425 3356 580 3425 στρατηγὸν
599 3355 655 3409 ἀπὸ
669 3364 719 3410 τοῦ
735 3353 817 3423 όροος
831 3352 985 3424 ἀπῆγονΟ
1019 3369 1101 3421 στρα-

88 3413 149 3470 '⁶⁹'
161 3421 253 3483 Portus
276 3429 307 3482 et
325 3427 461 3497 Sylburg3
489 3427 539 3481 τὸν
562 3427 656 3482 αὐτῶν
679 3425 797 3494 στρατὸν
821 3419 891 3493 ἦγον
911 3423 1004 3477 δολεδο
1024 3421 1100 3490 quod

89 3493 214 3557 ⁸0qssitur
230 3500 342 3569 ἀπῆγον
357 3497 481 3553 θὶῑιλιοοίε
496 3497 557 3553 Em.
571 3497 654 3553 Dion.
669 3497 694 3550 11
710 3505 727 3552 4
781 3503 814 3551 21
834 3493 993 3563 Ποστόμιον
1007 3493 1100 3550 om.B
