2414 3840
510 220 674 269 -Ε-

22 460 25 467 Ι
132 370 234 454 σῐώους
256 388 322 443 τών
348 382 496 444 πολιτῶν
522 375 578 444 καλ
605 382 762 444 πλείστου
792 378 829 445 έν
851 390 923 456 ταῖς
944 381 1102 445 Λατίνων

18 468 24 481 ’
121 476 210 548 ’ὄλεσι
241 483 449 570 δυναμένους
484 484 731 551 ἀπεστάλκεσαν
763 484 918 571 πρέσβεις
950 487 1033 573 πρὸς
1064 487 1102 551 τὸ

111 590 209 655 κοινὸν
228 591 392 678 ἱκετηρίας
414 589 588 676 φέροντας.

163 713 220 781 LX.
255 718 366 780 Ταῦτα
399 714 441 798 δὴ
473 716 692 801 προεγνωκώς
724 715 742 781 ὁ
771 718 917 804 Λάρκιος
944 728 1014 794 τοῖς
1041 713 1102 801 μὲν

90 817 219 887 αἰτοῦσι
239 823 298 899 τὰς
320 820 443 906 ἀνοχάς
466 819 617 887 ἐκέλευσε
639 823 680 887 τά
704 823 788 888 ὅπλα
806 823 1029 910 ἀποθεμένοις
1046 823 1128 890 καὶὸ

80 924 152 1005 τὰς
175 929 281 1006 πύλας
311 926 481 1010 ἀνοίξασι,
514 930 589 993 τότε
622 927 837 1011 διαλέγεσθαι
869 931 953 1015 πρὸς
983 930 1101 996 αὐτόν’

82 1022 197 1112 ἄλλως
219 1030 254 1100 δ’
280 1035 357 1101 οὔτε
381 1035 561 1119 διαλλαγὰς
584 1035 660 1101 οὔτε
684 1034 807 1120 ἀνοχάς
830 1036 906 1101 οὔτε
925 1037 1007 1101 ἀλλο
1027 1042 1102 1122 φιλ-

73 1132 271 1227 ιἕνθρωπον
305 1140 327 1225 ἣ
364 1138 500 1227 μέτριον
538 1137 643 1206 οὐθὲν
683 1141 796 1218 αὐτοῖς
837 1142 997 1228 ὑπάρξειν
1036 1145 1101 1227 ἔφη

49 1246 176 1333 ’παρὰ
196 1256 256 1332 τῆς
268 1243 440 1332 Ῥωμαίων
458 1249 600 1323 πόλεως·
633 1249 713 1324 τοὺς
732 1243 763 1312 δ’
786 1247 1030 1327 ἀποσταλέντας
1049 1247 1102 1315 ἐπὶ

68 1352 128 1418 th
143 1356 300 1419 Λατίνων
322 1354 425 1430 ἔθνος
446 1354 649 1439 πρεσβευτὰς
667 1351 830 1438 ἐφύλαττε
849 1352 963 1441 μηκέτι
982 1361 1101 1443 παρελ-
1115 1375 1142 1416 10

64 1456 163 1524 θεῖν
185 1459 281 1537 έντδς
302 1462 441 1544 τείχους,
465 1458 594 1537 ἁπάσας
615 1460 674 1537 τάς
693 1461 740 1537 είς
757 1462 819 1544 τὴν
836 1463 936 1527 πόλιν
955 1461 1101 1546 ἀγούσας

18 1554 186 1643 Βθὸδούς
205 1575 372 1651 φρουραῖς
385 1563 647 1653 ἐπιμελεστέραις
661 1567 841 1651 διαλαβών,
861 1568 944 1633 ὥστε
958 1568 1101 1654 ἠναγκά-

66 1676 220 1756 σθησαν
243 1671 279 1736 οί
298 1670 578 1757 πολιορκούμενοι
596 1672 655 1747 τὰς
673 1672 881 1755 συμμαχικὰς
899 1671 1101 1754 ἀπογνόντες

64 1772 221 1855 ἐλπίδας
238 1774 293 1844 ἀπὶ
311 1777 369 1853 τάς
386 1786 455 1841 τῶν
473 1778 640 1860 πολεμίων
659 1778 789 1861 δεήσεις
806 1787 1019 1861 καταφυγεῖν.
1045 1776 1101 1844 καὶ

64 1886 308 1961 συνελθόντες
325 1883 374 1960 είς
392 1882 570 1967 έκκλησίαν
590 1886 727 1970 ἔκριναν
740 1882 920 1969 ὑπομένειν
935 1885 992 1960 τάς
1007 1886 1098 1951 διαλ-
1114 1901 1139 1945 ιι

62 1991 197 2076 λαγώς,
217 1987 271 2076 ἐφ’
291 1979 342 2067 οἷς
359 1988 378 2056 ὁ
396 1999 527 2075 κρατῶν
545 1988 651 2074 ἀξίου.
688 1990 793 2067 οὕτως
812 1986 842 2054 δ’
866 1992 930 2077 άρα
947 1993 1136 2059 πολιτικδι2

62 2087 131 2180 ἦν
150 2099 190 2163 τά
211 2105 281 2161 τῶν
303 2097 376 2161 τότε
399 2094 575 2180 ἡγεμόνων
598 2097 667 2179 ἢθη
687 2093 742 2160 καὶ
759 2100 916 2162 πλείστον
935 2095 1100 2183 ἀπέχοντα

62 2211 285 2290 τυραννικῆς
304 2202 500 2285 αὐθαδείας,
518 2202 561 2286 ἣν
580 2202 719 2267 σπάνιοί
733 2225 821 2280 τινες
838 2213 905 2269 τῶν
924 2200 1002 2269 καθ’
1016 2204 1101 2289 ἡμᾶς

64 2306 259 2395 ἡγεμόνων
289 2314 430 2393 ίσχυσαν
457 2307 609 2388 ἐξουσίας
637 2306 837 2395 ἐπαρθέντες
865 2309 1000 2395 μεγέθει
1029 2312 1100 2376 δια-

71 2426 221 2501 φαγεῖν,
249 2415 334 2482 ώστε
360 2416 563 2502 παραλαβὼν
591 2416 652 2499 τὴν
679 2417 778 2480 πόλιν
801 2413 820 2480 ὁ
843 2415 969 2493 ὕπατος
992 2413 1098 2483 οὐθὲν
1112 2437 1138 2478 εο

79 2516 152 2586 ἀπὸ
171 2530 229 2607 τῆς
248 2520 370 2589 ἑαυτοῦ
384 2523 523 2608 Ιγνώμης
541 2520 691 2608 ἔπραξεν,
715 2517 787 2586 ἀλλ’
810 2520 1003 2589 ἀποθέσθαι
1020 2526 1100 2601 τοὺς

82 2620 286 2713 ἀνθρώπους
316 2629 475 2706 κελεύσας
507 2630 548 2693 τά
578 2629 663 2694 ὅπλα
690 2625 746 2693 καὶ
774 2629 929 2713 φρουράν
957 2627 1010 2696 έπλ
1037 2632 1099 2715 τὴν

88 2726 191 2815 ἄκραν
214 2734 404 2801 καταλιπὼν
437 2732 537 2811 αὐτὸς
574 2736 621 2812 είς
653 2735 715 2818 τὴν
738 2729 868 2819 Ῥώμην
896 2731 1008 2822 ἀπῄει,
1040 2736 1099 2803 καί

93 2841 285 2925 θνναγαγών
316 2842 354 2906 τὸ
387 2839 566 2927 συνέδριον
599 2839 770 2906 ἀπέδωκεν
803 2840 917 2920 αὐτοῖς
948 2854 1096 2929 σκοπείν,

99 2940 164 3007 τίνα
187 2945 348 3033 χρηστέον
372 2957 443 3024 τοῖς
464 2947 674 3031 παραδοῦσιν
697 2945 837 3025 ἑαυτοὺς
859 2951 993 3036 τρόπον.
1039 2932 1138 3046 ἐφ’ξζ

100 3034 147 3121 (ἀί
167 3050 366 3137 ἀγασθέντες
392 3054 452 3119 τὸν
480 3054 588 3141 ἀνδρα
616 3063 673 3139 τῆς
696 3056 779 3143 πρὸς
802 3054 924 3135 αὐτοὺς
945 3066 1041 3143 τιμίγς
1064 3058 1100 3123 oc

109 3151 244 3246 σύνεδροι
266 3161 346 3237 τοὺς
369 3154 429 3244 μὲν
452 3158 734 3246 ἐπιφανεστάτους
754 3164 948 3246 Φιδηναίων
967 3163 1097 3246 καὶτῆς

32 3362 53 3454 '⁹3
107 3403 237 3511 Αλδή]
257 3402 331 3460 δέΒ
413 3412 497 3476 9τῆς
520 3407 616 3462 om.B
698 3415 732 3463 25
751 3417 810 3472 πῶς
832 3404 850 3476 ἢ
874 3409 938 3462 τίνα
961 3399 1095 3475 χρηστέον

153 3474 275 3544 χρηστέον
294 3475 360 3531 τινὰ
377 3476 471 3532 verbis
490 3486 549 3541 πῶς
567 3475 584 3547 ἢ
604 3478 715 3534 omissis
734 3480 757 3532 B
962 3502 966 3507 ·
