2414 3840
32 177 75 241 ιε
458 179 623 227 -Δ-

21 337 148 421 ’Ἀγκου
184 339 380 412 δυναστείας
412 335 539 402 ίππέων
569 335 755 419 ἡγούμενος
787 333 839 400 έπλ
871 337 931 400 τὸν
963 338 1047 421 πρὸς

31 447 200 520 Λατίνους
222 445 368 527 πόλεμον
388 441 453 507 ὑπὸ
472 451 533 507 τοῦ
552 440 714 525 βασιλέως
731 440 900 526 πέμπεται,
924 442 969 519 ὡς
987 442 1046 527 ύμ-

32 553 169 636 φότεροι
189 548 346 632 λέγουσιν
366 549 401 613 οί
416 559 634 634 συγγραφεῖς·
658 550 690 613 εί
707 549 748 631 δὴ
767 547 965 634 παρεγένετο
985 545 1046 633 μέν

32 659 79 733 είς
98 651 227 740 Ῥώμην
258 655 298 720 ού
328 657 430 720 πλείω
459 666 527 720 τῶν
556 653 654 720 πέντε
683 653 738 719 καὶ
766 661 871 719 είκοσι
893 657 1094 738 γεγονὼςςις

4 763 130 845 εέτῶν,
154 761 264 849 ’Άγκῳ
293 758 331 826 δὲ
357 765 490 844 βασιλεῖ
513 763 596 826 κατὰ
622 762 681 825 τὸν
709 762 834 844 ὄγδοον
860 770 919 845 τῆς
945 762 1046 848 ἀρχῆς

32 868 187 934 ἐνιαυτὸν
215 871 314 952 φίλος
341 871 520 952 γενόμενος
547 866 764 932 ἑπτακαίδεκα
792 866 960 950 διέτριψεν
989 871 1044 952 ἔτη

30 971 108 1061 παρ’
131 975 219 1062 αύτῷ
242 977 283 1039 τδι
305 975 418 1039 λοιποί·
453 973 592 1060 τέτταρα
614 977 678 1061 γὰρ
702 972 754 1039 ἐπὶ
777 984 846 1050 τοῖς
868 979 974 1038 είκοσι
991 977 1045 1058 βε-

30 1085 228 1166 βασίλευκεν
250 1079 382 1163 ’Ἀγκος
421 1083 476 1163 ἔτη
510 1077 541 1144 δ’
578 1080 662 1144 ὀκτὼ
693 1078 749 1144 καὶ
780 1079 956 1164 τριάκοντα
983 1081 1046 1163 τὴν

30 1190 203 1270 βασιλείαν
239 1185 396 1270 κατέσχεν
428 1185 528 1262 αὐτὸς
559 1187 603 1262 ὡς
635 1187 778 1263 ἅπαντες
810 1185 1045 1270 ὁμολογοῦσιν,

1 1315 18 1354 ,ο
32 1292 314 1377 ὀγδοηκονταέτης
337 1291 379 1357 ev
401 1288 455 1376 ἦν,
480 1289 527 1357 ὅτ’
550 1292 709 1358 ἐτελεύτα.
746 1292 783 1357 έκ
804 1294 869 1378 γὰρ
887 1302 948 1358 τοῦ
968 1298 1046 1358 συλ-

0 1430 10 1462 ·
30 1405 194 1483 λογισμοῦ
211 1409 279 1464 τῶν
298 1399 381 1464 ἐτῶν
399 1409 499 1464 τοῦτο
514 1399 692 1482 συνάγεται
705 1400 743 1464 τὸ
757 1404 896 1483 πλῆθος.
923 1398 1044 1482 ἡγυνη

31 1504 62 1570 δ’
85 1508 117 1570 εί
141 1504 237 1570 πέντε
266 1507 373 1570 ἔτεσιν
399 1500 443 1588 ἦν
472 1505 577 1570 αὐτοῦ
605 1504 750 1590 νεωτέρα
771 1505 923 1589 καθάπερ
949 1508 1045 1588 είκύς,

31 1610 278 1695 ἑβδομηκοστὸν
306 1610 348 1676 δν
376 1613 484 1695 δήπου
512 1609 568 1676 καλ
594 1610 743 1694 πέμπτον
767 1606 855 1695 εἶχεν
878 1615 965 1695 έτος,
993 1611 1041 1677 ὅτ’

30 1716 221 1802 ἀπέθνησκε
248 1718 441 1803 Ταρκύνιος.
480 1719 512 1782 εί
533 1718 574 1800 δὴ
598 1719 658 1781 τὸν
681 1718 846 1802 νεώτερον
868 1727 936 1782 τῶν
959 1719 1043 1783 υίῶν

1 1844 16 1884 ε
31 1827 170 1908 ἔσχατον
194 1824 335 1908 ἐκύησεν
353 1827 425 1900 ἔτος
444 1826 569 1908 ἔχουσα
585 1827 823 1907 πεντηκοστόν·
845 1823 1043 1909 προσωτέρω

29 1931 93 2015 γὰρ
123 1928 234 1995 οὐκέτι
260 1933 428 1995 κυίσκεται
455 1931 577 1995 τούτου
604 1939 666 1995 τοῦ
693 1933 818 2015 χρόνον
840 1933 941 2013 γυνή,
970 1926 1043 1996 ἀλλ’

30 2038 121 2101 ἔστιν
144 2031 243 2114 οὗτος
266 2037 367 2113 αὐτὸς
388 2046 456 2102 τῶν
480 2035 613 2101 ὠδίνων
636 2036 698 2121 (ὁ)
716 2037 809 2123 ὅρος,
834 2037 879 2114 ὡς
898 2037 933 2102 οί
948 2031 1041 2101 ταῦτ’

30 2140 220 2225 ἐξητακότες
242 2144 447 2229 γράφουσιν·
481 2137 578 2219 οὗτος
601 2139 663 2227 μὲν
686 2139 749 2208 οὖν
773 2142 834 2208 ούκ
857 2142 899 2209 ἂν
923 2143 1044 2208 έλοίττω

29 2250 176 2332 γεγονὼς
202 2246 245 2333 ἦν
274 2250 356 2316 ἐτῶν
383 2249 481 2315 πέντε
508 2248 564 2314 καλ
587 2255 692 2314 είκοσι
713 2251 796 2314 κατδι
817 2249 878 2313 τὸν
901 2258 962 2314 τοῦ
985 2270 1045 2313 πα-

7 2357 107 2440 τρὸς
129 2356 296 2438 θάνατον,
322 2355 340 2421 ὁ
365 2351 402 2420 δέ
424 2356 568 2432 Λεύκιος
592 2355 609 2420 ὁ
632 2355 855 2441 πρεσβύτερος
878 2354 919 2419 ού
942 2357 1045 2438 μείων

30 2459 388 2538 ἑπτακαιεικοσαέτους·
417 2461 479 2526 ούκ
502 2463 567 2547 ἄρα
589 2464 731 2545 νηπίους
753 2459 926 2527 κατέλιπεν
944 2463 1094 2540 υίοὺςεοο

0 2566 48 2632 ιδ
72 2569 256 2652 Ταρκύνιος
279 2567 315 2632 έκ
336 2569 457 2651 ταύτης
480 2572 659 2651 γεγονότας
680 2577 739 2651 τῆς
759 2571 927 2650 γυναικός.
962 2570 1046 2635 ἀλλὰ

30 2674 96 2757 μην
119 2670 179 2755 εἴγ’
203 2672 337 2758 ἀνδρῶν
355 2674 488 2757 ἡλικίαν
506 2670 597 2758 εἶχον
617 2675 653 2740 οί
667 2676 797 2757 παῖδες,
822 2669 879 2740 ὅδ’
901 2674 918 2739 ὁ
937 2676 1044 2761 πατὴρ

30 2780 140 2844 αύτῶν
164 2777 385 2863 ἀπέθνησκεν,
410 2775 479 2846 οὔτ’
502 2779 543 2846 δν
567 2780 587 2865 ἡ
611 2784 718 2867 μήτηρ
742 2781 853 2847 αὐτῶν
877 2780 982 2859 οὕτως
1002 2778 1045 2866 ἦν

101 3014 117 3061 2
136 3009 279 3081 Σαβίνους
297 3025 320 3064 ο.
336 3008 468 3063 Gelenius
532 3014 548 3063 ὅ
568 3003 650 3079 ἐτῶν]
671 3005 717 3078 ἔτη
737 3025 759 3063 ο.
780 3008 870 3063 Οολιολ
888 3009 954 3064 Obs.
968 3028 996 3079 p.
1012 3017 1046 3065 75

30 3076 165 3133 8έτιΒα
202 3077 249 3147 ἔτη
269 3079 346 3132 ABb
419 3078 598 3142 9πύντεςΒ
668 3086 701 3134 10
721 3079 766 3135 ὅτε
785 3079 943 3135 τελευτᾶΑ
1013 3088 1044 3135 11

28 3149 99 3220 γυνὴ
124 3147 155 3203 δὲ
177 3148 261 3205 πέντε
281 3150 303 3204 Ο
328 3166 397 3204 corr.
416 3150 520 3204 Reieke
604 3155 636 3204 14
660 3149 687 3204 εί
709 3148 740 3204 δὲ
760 3151 795 3220 δὴ
814 3135 918 3205 Βείελτο
942 3150 1009 3205 inde
1029 3169 1047 3206 a

28 3237 98 3276 voce
119 3221 168 3276 τὸν
187 3237 276 3288 usque
295 3222 331 3275 ed
350 3221 479 3291 ὁρώντων
497 3239 524 3290 p.
542 3226 574 3274 16
593 3220 611 3277 l.
627 3226 643 3274 8
662 3238 762 3275 manue
780 3221 922 3276 recentior
940 3222 1046 3291 legitur

29 3291 96 3345 inB
159 3298 190 3346 17
211 3292 331 3355 αύτδςΒ
360 3291 496 3354 αύταίςΑ
513 3299 517 3358 l
533 3292 548 3346 δ
564 3294 628 3346 ante
646 3290 710 3363 ὅρος
727 3293 791 3346 add.
809 3291 955 3361 Kieeeling
1011 3299 1044 3347 21

29 3357 319 3426 ἓπτακαιεικοσιέτονς
335 3364 358 3416 Β
392 3357 463 3416 ἓπτδι
481 3363 530 3418 καὶ
549 3365 654 3418 είκοσιν
677 3360 786 3419 έτῶνΒ
809 3381 878 3418 corr.
894 3363 965 3418 Sint.
984 3363 1045 3418 Em.

28 3433 110 3490 Dion.
129 3434 155 3487 II
174 3441 205 3488 11
280 3438 313 3487 22
332 3433 436 3501 ταύτης
453 3453 483 3502 γε
504 3451 526 3488 ο.
546 3433 676 3488 Ηοελλεία
694 3437 810 3490 Hermes
826 3435 851 3489 X
865 3438 918 3488 412
