2414 3840
421 174 585 224 -Ε-
946 167 1011 235 247

42 345 148 419 αγεϊν,
167 334 188 419 ἣ
207 333 332 410 πάντας
346 336 481 417 ἔμελλεν
495 332 581 411 ἕξειν
594 328 655 417 ὑφ’
672 331 771 417 ἑαυτῇ
785 333 866 408 τοὺς
877 333 1012 416 νόμους.

42 485 44 495 ι
71 441 197 527 γράφει
215 440 461 526 προβούλευμα,
485 437 530 503 δι’
553 432 595 505 οὗ
612 436 913 524 παρακρουσαμένη
932 438 1048 514 τοὺς4

42 572 139 633 ιητας
170 544 227 612 καὶ
258 547 318 611 τὸν
350 549 550 629 βεβαιοῦντα
580 546 642 628 τὴν
669 545 866 630 ἐλευθερίαν
898 543 1012 620 αὐτοῖς

42 679 102 722 ιον
118 654 284 720 ἀνελοῦσα
299 655 430 718 ἐλαδεν.
457 648 500 735 ἦν
515 648 551 717 δὲ
565 653 602 717 τὸ
616 653 852 735 προβούλευμα
864 651 1012 716 τοιόνδε·

42 760 148 846 ῗρκιον
171 756 232 845 μὲν
249 756 305 824 καὶ
319 762 480 824 Κλοίλιον
497 761 577 835 τοὺς
594 762 668 824 τότε
686 758 912 834 ὑπατεύοντας
930 756 1039 822 ἀπο-ε

42 875 124 934 σθαι
155 867 218 950 τὴν
250 864 421 948 ἐξουσίαν,
453 862 508 930 καὶ
541 871 575 930 εί
599 887 649 940 τις
677 865 776 941 ἀλλος
803 863 909 949 ἀρχήν
936 885 1012 928 τινα

43 996 83 1039 εν
112 972 134 1057 ἢ
158 972 360 1058 πραγμάτων
382 982 486 1036 τινῶν
508 980 633 1037 κοινῶν
656 968 855 1055 ἐπιμέλειαν·
893 968 952 1034 ἕνα
977 965 1009 1034 δ’

42 1080 117 1166 δρα,
141 1077 182 1145 δν
206 1077 247 1143 ἀν
270 1079 291 1161 ἥ
314 1101 349 1143 τε
371 1078 477 1161 βουλὴ
500 1074 679 1161 προέληται
700 1073 757 1140 καὶ
780 1075 798 1141 ό
822 1077 926 1159 δῆμος
944 1074 1013 1141 ἐπι·

42 1188 146 1271 φίσγ,
178 1186 240 1268 τὴν
268 1184 425 1250 ἀπάντων
453 1180 608 1260 ἐξουσίαν
634 1184 871 1268 παραλαβόντα
897 1182 1012 1267 ἀρχειν

53 1295 196 1357 πλείονα
209 1292 334 1375 χρόνον
348 1288 523 1374 ἑξαμήνου,
538 1291 711 1374 κρείττονα
725 1287 880 1366 ἐξουσίαν
895 1290 1013 1373 ἔχοντα
1027 1307 1055 1347 ιο

42 1420 64 1461 ν
86 1398 233 1463 ὑπάτων.
274 1391 364 1462 τοῦτ’
387 1395 620 1478 ἀγνοήσαντες,
643 1395 686 1479 ἣν
710 1398 776 1479 ἔχει
800 1397 955 1480 δύναμιν,
980 1395 1016 1460 οί
1026 1396 1049 1462 5

42 1501 173 1586 μοτικοὶ
191 1504 392 1587 ψηφίζονται
409 1503 509 1582 κύρια
528 1497 668 1566 εἶναιτὰ
683 1501 824 1580 δόξαντα
837 1510 877 1587 τῇ
892 1505 1014 1586 βουλῇ·

69 1604 105 1676 δ’
136 1611 201 1695 ἀρα
228 1609 249 1692 ἡ
272 1612 430 1694 κρείττων
452 1607 536 1693 ἀρχὴ
558 1617 616 1691 τῆς
638 1608 720 1671 κατὰ
744 1606 865 1690 <τοὺς>
887 1610 1014 1693 νόμους

42 1717 170 1800 ραννίς·
201 1719 263 1798 τήν
290 1737 325 1779 τε
354 1714 482 1800 αἵρεσιν
509 1722 571 1779 τοῦ
598 1712 777 1797 μέλλοντος
805 1715 919 1799 άρχειν
942 1724 1013 1792 τοῖς

43 1831 109 1888 τοῦ
123 1820 306 1906 συνεδρίου
321 1821 558 1905 συνεχώρησαν
577 1819 691 1896 αὐτοῖς
709 1814 763 1903 ἐφ’
784 1817 912 1885 ἑαυτῶν
931 1822 1012 1903 βου·
1026 1838 1053 1879 ιε

42 1925 192 2014 ιομένοις
213 1929 427 2011 ποιήσασθαι.

63 2034 180 2099 LXXI.
212 2035 309 2099 Μετὰ
340 2042 439 2099 τοῦτο
471 2033 576 2116 πολλὴ
608 2033 738 2115 ζήτησις
764 2030 915 2098 ἐνέπιπτε
943 2041 1015 2111 τοϊς

41 2143 219 2224 οεστηκόσι
248 2149 307 2223 τῆς
333 2142 457 2223 βουλῆς
483 2136 540 2203 καὶ
561 2141 704 2223 πρόνοια
726 2136 802 2224 περὶ
824 2147 885 2203 τοῦ
907 2160 1014 2225 παρα-

42 2245 192 2331 ψομένου
224 2246 286 2329 τὴν
317 2246 507 2330 ἡγεμονίαν.
554 2245 663 2310 ἐδόκει
695 2245 758 2329 γάρ
791 2244 905 2322 αὐτοῖς
933 2247 1014 2328 δρα-

42 2357 139 2440 ηρίου
165 2349 196 2417 τ’
227 2352 352 2437 ἀνδρὸς
378 2353 426 2428 είς
448 2353 489 2417 τά
511 2351 685 2437 πράγματα
709 2352 782 2416 δεῖν
804 2349 860 2416 καὶ
882 2353 1012 2436 πολλὴν
1026 2371 1054 2411 ω

42 2485 66 2526 ν
96 2463 285 2542 πολεμικῶν
312 2457 454 2541 ἀγώνων
481 2458 654 2542 ἐμπειρίαν
682 2460 830 2543 ἔχοντος,
864 2459 948 2544 πρὸς
976 2454 1014 2524 δὲ

42 2566 131 2641 ότοις
154 2567 323 2649 φρονίμου
345 2587 381 2629 τε
402 2562 458 2628 καὶ
477 2565 654 2650 σώφρονος
671 2562 727 2629 καὶ
745 2561 850 2650 μηδὲν
869 2565 1015 2631 ἀπὸτοῦ

42 2671 166 2755 γέῦους
191 2680 249 2754 τῆς
276 2669 427 2748 ἐξουσίας
455 2669 508 2736 ἐπὶ
530 2671 568 2736 τὸ
591 2670 736 2754 ἀνόητον
758 2670 1016 2757 παραχθησομέ-

41 2797 76 2842 υ·
99 2773 184 2862 ὑπὲρ
207 2777 337 2841 ἀπαντα
360 2773 523 2841 δὲταῦτα
546 2774 601 2842 καὶ
623 2771 725 2842 τάλλα
749 2777 813 2844 όσα
837 2779 889 2844 δεῖ
910 2796 1014 2861 προσ-

42 2907 87 2948 ιαι
114 2883 351 2968 στρατηλάταις
375 2881 517 2966 ἀγαθοῖς
548 2884 663 2967 ἀρχειν
695 2883 859 2969 ἐγκρατῶς
887 2885 1015 2962 είδότος
1029 2901 1057 2943 2⁶

42 2988 58 3054 δ
84 2986 194 3073 μηδὲν
222 2990 370 3073 μαλακὸν
399 2989 606 3066 ἐνδώσοντος
632 3000 702 3066 τοῖς
729 2989 945 3073 ἀπειθοῦσιν,
974 2985 1016 3056 οὗ

41 3095 142 3160 ἓλιστα
170 3094 207 3160 ἐν
233 3102 279 3183 τῷ
307 3097 448 3178 παρόντι
476 3093 618 3160 ἐδέοντο.
664 3095 793 3161 ἅπαντα
818 3092 849 3161 δ’
871 3095 1050 3183 δρῦντες2

74 3291 89 3340 7
108 3294 193 3342 τινῶν
213 3285 314 3341 οάδ.Β
364 3293 380 3341 8
399 3288 465 3356 post
483 3288 571 3358 δῆμος
589 3287 691 3341 lacuna
710 3293 779 3341 8-9
799 3286 854 3341 litt.
874 3286 904 3340 in
921 3301 976 3340 ras.
990 3285 1017 3338 A

42 3359 206 3426 ιψηφίσεται
224 3358 250 3411 Α
286 3353 487 3428 ἐπιψηφίσρΒ
544 3365 576 3412 13
595 3357 669 3412 κατὰ
687 3356 827 3427 νόμουςΟ
864 3355 1018 3419 κατάτοδς

42 3445 105 3496 μους
123 3427 226 3482 Reiske
302 3435 334 3484 14
351 3430 520 3500 τυραννίδος
538 3428 560 3482 Ο
597 3430 730 3498 τυραννίς
747 3425 891 3496 Kiessling
