2414 3840
497 197 659 258 -ς..

70 369 139 424 τῶν
168 356 355 441 ὁμολογιῶν
383 358 486 423 δόλου
514 359 635 442 μεστὸν
658 358 852 424 ἀπεδείκνυε
874 356 930 422 καὶ
953 358 1085 443 ἀπάτης.

71 463 143 530 ἐπεὶ
167 459 204 528 δὲ
226 465 284 540 τὰς
305 464 419 550 ὕβρεις
441 468 603 529 τελευτῶν
626 465 777 548 διῆλθεν,
802 463 840 541 ἀς
862 459 948 547 ἦσαν
970 464 1086 551 ὑβρισ-

71 571 169 657 μένοι
196 570 261 634 ὑπὸ
288 579 356 635 τῶν
384 571 583 654 δανειστῶν,
611 569 666 636 καὶ
693 582 761 637 τῶν
789 572 922 636 οἰκείων
945 570 1085 636 ἕκαστον
1154 603 1156 608 ·

71 677 238 762 ἀνέμνησε
257 686 379 758 κακῶν,
399 674 510 753 οὐδεὶς
528 671 571 759 ἦν
590 677 726 762 στερρὸς
741 677 829 742 οὕτω
843 679 905 762 τὴν
920 678 1084 761 διάνοιαν,

72 785 110 862 ὃς
129 783 191 848 οὐκ
210 781 349 867 ἐξεχεῖτο
366 793 436 858 τοῖς
455 782 596 868 δάκρυσι
614 781 669 848 καὶ
688 783 877 849 ἀνεκλαίετο
896 784 954 860 τάς
971 786 1107 861 κοινάςε

72 889 264 976 συμφοράς·
310 885 365 952 καὶ
401 884 492 953 τοῦτ’
523 889 585 954 οὐκ
617 889 730 966 αὐτοῖς
762 892 878 973 μόνοις
909 887 1086 973 συνέβαινε

71 1003 207 1079 παθεῖν,
231 994 315 1060 ἀλλά
337 992 392 1060 καὶ
410 1005 480 1071 τοϊς
496 996 587 1080 παρά
604 1004 662 1080 τῆς
680 998 803 1079 βουλῆς
821 997 969 1079 ἥκουσιν.
1005 994 1085 1061 οὐδὲ

70 1104 136 1187 γάρ
161 1103 196 1166 οί
215 1099 370 1187 πρέσβεις
391 1103 432 1166 τά
455 1101 583 1187 δάκρυα
605 1101 754 1187 κατέχειν
777 1109 895 1187 ίσχυον
918 1103 1085 1188 ἐνθυμού-

71 1231 168 1294 μενοι
190 1207 307 1285 τάςέκ
328 1215 390 1273 τοῦ
413 1209 603 1292 διοικισμοῦ
624 1217 682 1292 τῆς
704 1213 830 1286 πόλεως
853 1208 1002 1293 ἀτυχίας,
1030 1207 1086 1274 καὶ
1161 1284 1165 1292 ¹

70 1315 177 1391 πολὺς
199 1309 242 1397 ἦν
264 1317 386 1399 χρόνος
408 1314 445 1380 ἐν
468 1305 494 1403 ᾧ
517 1325 676 1399 κατηφεῖς
697 1315 752 1382 καὶ
771 1313 1012 1402 δεδακρυμένοι
1029 1314 1085 1381 καὶ
1095 1347 1120 1386 10

71 1423 108 1486 τί
127 1422 189 1506 χρὴ
212 1418 322 1504 λέγειν
345 1419 548 1506 ἀποροῦντες
571 1423 772 1505 εἱστήκεσαν.
818 1423 931 1506 ἐπειδὴ
955 1420 987 1487 δ’
1009 1422 1027 1487 ό
1049 1434 1120 1497 τε2

71 1528 178 1604 πολὺς
199 1533 329 1611 θρῆνος
352 1526 517 1593 ἐπαύσατο
536 1525 592 1592 καὶ
611 1529 717 1611 σιωπὴ
737 1527 872 1612 κατέσχε
889 1529 952 1611 τὴν
971 1528 1085 1611 έκκλη-

72 1637 161 1717 σίαν,
183 1638 358 1718 παρῆλθεν
383 1633 674 1718 ἀπολογησόμενος
696 1626 821 1720 <πρὸς>
844 1641 958 1715 ταῦτα,
982 1634 1084 1720 ὅσπερ

72 1741 182 1806 έδόκει
212 1750 281 1805 τῶν
312 1741 424 1805 ἀλλων
455 1745 600 1805 πολιτῶν
630 1739 742 1824 ἡλικία
774 1760 809 1804 τε
840 1738 1001 1824 προῦχειν
1029 1737 1085 1804 ιωά

26 1845 221 1929 ικθάξιῶσει,
252 1850 349 1923 Τίτος
376 1846 536 1932 Λάρκιος,
569 1845 606 1922 ὃς
638 1844 690 1923 δὶς
721 1842 932 1930 ἀποδειχθείς
960 1844 1085 1922 ὕπατος
1095 1874 1121 1915 15

71 1955 252 2039 δυναστεία
278 1960 318 2038 τῇ
345 1951 534 2038 καλουμένη
558 1954 750 2040 δικτατορίᾳ
771 1952 928 2038 κράτιστα
950 1952 1085 2017 πόντων

70 2059 264 2145 ἀνθρώπων
299 2059 505 2145 χρησάμενος
541 2059 635 2144 ίεράν
670 2057 725 2125 καὶ
761 2063 930 2144 σεβασμοῦ
962 2060 1085 2144 μεστὴν

71 2167 207 2248 έιιοίησε
229 2172 435 2250 νομισθῆναι
457 2167 519 2249 τὴν
542 2165 733 2247 ἐπίφθονον
756 2165 870 2251 ἀρχήν.
912 2164 1119 2249 έπιβαλλό-3

72 2295 173 2358 μενος
199 2269 237 2336 δὲ
263 2270 339 2357 περὶ
366 2280 427 2337 τοῦ
452 2272 584 2337 δικαίου
606 2278 778 2337 ποιεῖσθαι
801 2274 937 2354 λόγους,
967 2270 1023 2337 καὶ
1044 2274 1085 2337 τά

72 2374 135 2464 μὲν
153 2389 223 2455 τοῖς
241 2379 462 2455 δανειστικοῖς
480 2376 628 2461 ἐγκαλῶν
648 2379 692 2455 ὡς
711 2377 783 2463 ἀμά
801 2376 856 2443 καὶ
875 2377 1120 2463 ἀπάνθρωπαοο

73 2482 387 2570 διαπεπραγμένοις,
419 2485 460 2549 τά
493 2480 530 2549 δὲ
559 2494 627 2549 τῶν
654 2486 806 2567 πενήτων
832 2486 1086 2569 καθαπτόμενος

71 2592 118 2668 ὡς
146 2591 187 2656 οὐ
216 2593 361 2668 δικαίως·
378 2591 563 2669 ἀξιούντων
589 2593 647 2678 βίᾳ
675 2596 802 2674 μᾶλλον
830 2591 991 2675 ἀφεῖσθαι
1017 2601 1085 2655 τῶν

71 2698 305 2781 ὀφειλημάτων
327 2697 348 2780 ἢ
371 2697 490 2783 χάριτι,
513 2696 568 2764 καὶ
591 2697 636 2777 ὡς
658 2698 720 2780 τὴν
742 2699 870 2781 βουλὴν
892 2697 955 2762 οὐκ
973 2697 1085 2782 ὀρθῶς

145 2885 242 2945 λε’πει
261 2890 296 2960 δὴ
316 2890 362 2943 Ba
399 2886 460 2945 ἐπει
479 2887 511 2945 δὲ
529 2890 576 2944 Bb
650 2888 813 2952 4οάτωςΒ
885 2886 1084 2960 δέξεχεῖτοΟ

73 2956 188 3029 ἐκέχοτο
208 2979 230 3015 ο.
247 2961 415 3030 Stephanus,
435 2959 474 3024 είς
489 2959 599 3031 δάκρυα
613 2961 684 3015 duee
694 2959 810 3014 Reiskio
821 2959 910 3015 Cobet
919 2961 984 3016 Obs.
996 2981 1021 3029 p.
1033 2966 1084 3014 129

73 3049 111 3086 an
135 3026 223 3101 ἐξέχει
246 3032 281 3086 τά
300 3030 428 3101 δάκροαλ
518 3038 534 3087 6
553 3031 649 3102 μόνοις
671 3037 729 3094 τοῖς
747 3029 882 3101 δημόταις
900 3049 922 3084 ο.
941 3031 1085 3099 Kieeeling

74 3110 106 3158 13
126 3103 196 3172 πρὸς
213 3112 302 3158 ταῦτα
322 3104 443 3173 Sylburg
478 3104 609 3159 ταῦταΟ
682 3110 715 3157 14
733 3105 865 3226 πολιτῶνφ
886 3104 1042 3175 βουλευτῶν
1061 3118 1084 3156 ο.

70 3174 180 3241 Kayser
198 3173 279 3230 Anus
292 3175 362 3245 phil.
383 3181 452 3231 1866
469 3193 497 3244 p.
512 3180 546 3228 47
583 3178 712 3229 πλεῖστον
731 3191 754 3228 ο.
774 3173 853 3228 Kiess
866 3173 917 3242 ing
990 3177 1022 3226 15
1040 3171 1072 3235 ὃς

72 3245 87 3300 δ
108 3262 131 3298 ο.
151 3245 289 3300 Bficheler
371 3252 404 3301 16
423 3246 590 3308 δυναστείας
608 3253 657 3315 τῆς
675 3243 850 3315 καλουμένης
868 3245 1047 3313 δικτατορίας

71 3316 149 3370 ABb
169 3313 197 3384 (ἢ
217 3317 273 3388 Ba)
292 3334 360 3372 corr.
379 3316 481 3386 Pflugk
499 3316 555 3370 nisi
574 3317 649 3385 quod
667 3335 697 3372 τε
710 3319 777 3386 poet
791 3316 943 3389 δυναστείᾳ
956 3314 1084 3384 insanie,

72 3389 149 3457 quod
168 3387 262 3442 delevi
303 3396 310 3407 '
348 3393 381 3444 19
401 3386 433 3443 δὲ
451 3388 516 3450 τοὺς
535 3388 557 3443 Ο
576 3386 729 3457 φεοελετΒ
813 3393 847 3440 22
867 3384 1007 3441 δίκαιαΟ
1044 3387 1085 3440 δι-

72 3460 160 3522 καίως
178 3458 282 3512 Reiske
326 3480 327 3485 ¹
