2414 3840
525 162 686 214 -5.„

99 320 273 404 πράγματα
294 320 424 406 ἀπόρως
443 317 535 406 εἶχον
554 321 767 406 συμβάλλειν.
798 319 869 387 ἐπεὶ
889 320 925 387 δὲ
943 323 1034 406 παρὰ
1047 333 1114 389 τῶν

101 424 363 512 ἀνασωζομένων
399 427 436 493 έκ
470 436 527 511 τῆς
558 435 682 514 τροπῆς
714 428 844 520 ἅπαντα
875 430 916 492 τά
948 427 1025 513 περὶ
1055 431 1114 495 τὸν

100 531 214 614 ἀγῶνα
238 535 383 617 ἔμαθον,
414 533 578 599 ἐσκόπουν
601 533 681 617 μετδι
703 543 771 598 τῶν
794 535 905 599 ἀλλων
929 533 1115 619 ἡγεμόνων,

66 642 136 705 3τί
164 639 227 725 χρὴ
259 640 424 722 πράττειν.
469 649 539 716 τοῖς
571 636 632 723 μὲν
660 633 726 704 οὖν
750 640 976 725 θρασυτάτοις
1004 641 1115 707 αὐτῶν

72 744 207 810 ιέδόκει
239 747 416 831 κράτιστον
448 741 535 811 εἶναι
567 756 687 829 χωρεῖν
720 743 773 810 ἐπὶ
804 747 864 811 τὸν
891 747 1020 832 χάρακα
1048 759 1115 813 τῶν

95 847 264 934 Ῥωμαίων
282 850 315 931 ἐξ
330 852 468 936 ἐφόδου,
486 851 568 928 τέως
581 848 700 916 πολλοὶ
714 848 776 935 μὲν
791 854 913 936 ἐκαμον
930 852 996 918 ὑπὸ
1014 877 1116 939 τραυ-

99 957 227 1041 μάτων,
261 958 480 1044 ἀπειρήκεσάν
507 953 545 1022 θ’
572 957 713 1032 ἀπαντες
739 956 804 1022 ὑπὸ
832 961 938 1024 κόπου
966 958 1054 1024 ὅπλα
1080 984 1115 1026 τε

99 1065 246 1149 ἀχρηστα
268 1077 339 1142 τοῖς
361 1066 526 1140 πλείστοις
548 1058 602 1147 ἦν,
626 1065 667 1129 τά
690 1061 751 1147 μὲν
776 1064 1036 1149 ἀπεστομωμένα
1058 1067 1116 1142 τάς

100 1170 213 1255 ἀκμάς,
235 1173 275 1235 τδι
295 1167 331 1236 δέ
350 1173 531 1253 κατεαγότα
549 1167 605 1234 καὶ
623 1172 764 1253 βοήθεια
782 1171 872 1255 παρά
889 1180 956 1235 τῶν
976 1177 1116 1237 οίκοθεν

60 1295 87 1334 ιο
101 1276 286 1360 ἀκραιφνὴς
314 1276 406 1340 οὔπω
434 1284 544 1360 παρῆν
572 1275 711 1359 οὐδεμία
739 1276 868 1358 αὐτοῖς,
900 1275 921 1359 ἡ
951 1274 990 1342 δὲ
1017 1289 1116 1362 σφῶν

99 1381 210 1446 αὐτῶν
238 1382 380 1466 δύναμις
406 1385 512 1464 πολλη
540 1405 575 1446 τε
603 1376 687 1447 οὖσα
715 1380 771 1447 καὶ
800 1381 910 1465 ἀγαθὴ
934 1380 991 1448 καὶ
1015 1384 1115 1449 ὡπλι-

99 1486 203 1571 σμένη
223 1493 331 1565 καλῶς
349 1487 626 1573 ἐμπειροπόλεμός
644 1511 679 1553 τε
698 1488 754 1554 καὶ
773 1488 814 1552 οὐ
832 1488 1115 1574 προσδεχομένοις

99 1593 294 1671 ἐξαπιναίως
326 1604 494 1680 παροῦσα,
525 1595 655 1680 φοβερὰ
681 1591 737 1659 καλ
764 1605 834 1671 τοῖς
861 1594 1115 1679 εὐτολμοτάτοις

99 1703 312 1784 φανήσεσθαι
334 1703 457 1786 ἔμελλε.

60 1824 85 1865 15
164 1807 237 1872 XV.
266 1812 343 1885 Τοῖς
366 1804 403 1872 δὲ
426 1807 714 1894 σωφρονεστάτοις
737 1807 799 1872 οὐκ
822 1804 968 1891 ἀσφαλὲς
986 1809 1024 1872 τὸ
1044 1822 1170 1874 xcv-10⁷5

101 1913 250 1998 δόνευμα
273 1909 360 1979 εἶναι
382 1914 550 1997 ἐφαίνετο,
573 1912 736 2000 ἀνδράσιυ
755 1913 896 1996 ἀγαθοῖς
913 1915 954 1978 τά
972 1913 1115 1999 πολέμιά

98 2043 133 2085 τε
160 2017 214 2084 καὶ
242 2017 362 2085 νεωστὶ
389 2020 451 2103 τὴν
479 2021 635 2083 Λατίνων
662 2019 828 2103 τοσαύτην
859 2018 1004 2103 δύναμιν
1034 2021 1115 2106 ἀρα-

99 2124 212 2208 μένοις
244 2128 326 2191 ἀνευ
359 2125 539 2209 συμμάχων
568 2123 669 2207 ὁμόσε
696 2134 825 2221 χωρεῖνι
845 2122 1027 2210 μέλλοντας
1054 2129 1114 2192 τὸν

99 2227 182 2317 ὑπὲρ
214 2242 282 2297 τῶν
309 2234 474 2315 μεγίστων
501 2231 664 2296 κίνδυνον
692 2229 729 2294 έν
757 2229 913 2318 ἀλλοτρίᾳ
940 2239 1115 2298 ποιεῖσθαι

59 2345 156 2422 εογη,
180 2341 266 2403 ἔνθα
290 2343 324 2402 εί
342 2360 374 2401 τι
397 2338 542 2420 συμβαίη
562 2346 685 2420 πταῖμα
704 2335 865 2420 οὐδεμίαν
884 2335 996 2414 ἕξουσι
1014 2361 1114 2404 κατα-

99 2445 212 2528 φυγὴν
239 2444 387 2529 ἀσφαλῖγ·
418 2450 476 2526 της
505 2435 535 2507 δ’
562 2443 675 2507 οἴκαδε
704 2444 867 2571 σωτηρίας
889 2451 1114 2528 προνοεῖσθαι

99 2555 226 2634 μᾶλλον
248 2550 365 2634 ἠξίουν
389 2545 482 2614 οὗτοι
501 2550 557 2614 διά
575 2547 701 2632 ταχέων
719 2546 836 2613 καῖ’
793 2572 876 2633 μεγα
894 2545 1049 2635 κέρδος“
1031 2572 1114 2617 υπο-

98 2656 359 2741 λαμβάνειν,εί
328 2651 492 2741 εμηδεν
522 2655 770 2720 ἀπολαύσουσιν
799 2655 834 2720 ἐκ
861 2664 918 2740 τῆς
941 2661 1114 2742 στρατείας

64 2764 84 2828 2
100 2764 211 2827 κακόν
243 2761 367 2848 ἑτέροις
387 2759 423 2827 δὲ
441 2763 569 2827 τούτων
589 2785 649 2845 μεν
668 2759 847 2886 οὐδέτερον
865 2761 973 2826 ἐδόκει
991 2772 1114 2849 χρῆναι

60 2886 86 2928 ιε
99 2879 224 2951 ποιεῖν,
254 2870 412 2933 νεανικὸν
440 2891 501 2952 μεν
528 2867 755 2950 ἀποφαίνουσι
782 2868 819 2931 τὸ
848 2870 1027 2953 πρόχειρον
1055 2879 1114 2953 τῆς

99 2971 151 3040 ἐπὶ
178 2974 237 3038 τὸν
265 2972 378 3056 ἀγῶνα
406 2974 576 3058 ὁρμης,α
579 2973 695 3059 ίσχρδν
718 2969 756 3038 δέ
777 2975 815 3038 τὸ
839 2974 1031 3059 παράλογον
1055 2985 1113 3058 τῆς

99 3076 152 3145 ἐπὶ
179 3080 219 3143 τδι
247 3070 352 3144 οἰκεῖα
379 3087 502 3163 φυγῆς,
531 3079 576 3156 ὡς
603 3102 663 3143 κατ
666 3073 797 3163 ἐὐχὴν
820 3077 1021 3164 ληψομένων
1044 3091 1113 3146 τῶν

98 3188 281 3271 πολεμίων,
312 3184 521 3272 ὁπότερου’“
503 3209 545 3250 αν
573 3184 684 3250 αὐτῶν
711 3188 884 3268 ποιήσωσι.
929 3186 1046 3270 γνώμη
1076 3184 1113 3252 δδ

169 3345 221 3398 6*
227 3341 315 3407 έωςΟ
378 3340 547 3467 9ἀ<κμ>δις
565 3340 611 3394 Bb
677 3348 710 3395 22
730 3339 943 3464 ἀπολαμβάνειν
961 3341 1012 3394 ΒΕ
1078 3348 1114 3396 24

99 3411 182 3470 οὐδὲν
201 3413 351 3487 ουδέτερον
369 3415 393 3468 Β
409 3414 414 3484 Ι
431 3409 524 3468 ἐδοκει
541 3417 635 3467 ποιειν
654 3409 762 3467 δέονΒ
816 3419 849 3467 27
868 3411 1003 3484 <φυ>γῆς
1021 3412 1070 3466 Bb
