2414 3840
516 188 677 240 -5-
1043 188 1108 255 339

93 349 253 424 ἐλεειναῖς
275 345 332 413 καὶ
354 351 498 433 σχήμασι
516 350 693 433 πενθίμοις
712 351 1010 435 περιφθειρόμενοι
1027 351 1110 415 κατὰ

91 456 155 539 την
183 453 315 539 ἀγοράν’
337 451 393 518 καὶ
416 457 494 531 τοὺς
518 457 707 531 στενωποὺς
729 458 915 538 κλαίοντες,
945 455 1108 521 ίκετεύον-

91 585 156 645 τες,
180 561 360 646 ἁπτόμενοι
383 558 491 638 δεξιᾶς
514 557 654 626 ἑκάστου
676 558 732 626 καὶ
750 561 913 645 γονάτων,
937 561 1108 646 ἀπολοφυ-

92 671 231 755 ρόμενοι
253 667 315 750 τὴν
338 665 544 751 κατέχουσαν
568 666 690 744 αὐτοὺς
712 665 767 732 καὶ
791 670 839 733 ἔτι
862 671 989 752 μᾶλλον
1007 666 1107 740 καθέ-

93 773 218 853 ξουσαν
242 772 391 860 ἐρημίαν,
417 773 510 856 δεινὴ
533 770 588 838 καί
607 772 860 859 ἀνυπομόνητος
878 775 962 852 ὄψις.
996 755 1142 872 ούδεὶς53

91 889 178 965 γοῦν
205 879 296 945 ἐστιν
324 879 431 957 οὕτως
458 878 547 963 ὠμὸς
572 881 632 944 τὸν
656 883 797 965 τρόπον,
826 880 863 956 ὃς
885 880 948 945 οῦκ
971 879 1108 966 ἀνατρέ-

90 1007 187 1051 πεται
213 986 275 1069 την
297 986 409 1070 ψυχὴν
433 984 523 1070 δρῦν
544 992 648 1050 ταῦτα
670 982 726 1050 καὶ
749 985 866 1071 πάσχει
889 1008 921 1050 τι
944 987 1027 1069 πρὸς
1049 986 1107 1062 τὰς

91 1091 284 1177 ἀνθρώπων
306 1092 415 1175 τύχας.
462 1087 539 1156 ὥστ’
566 1092 598 1156 εί
618 1088 796 1176 μέλλοιμεν
819 1091 1003 1181 ἀσπείστως
1024 1093 1107 1177 πρὸς

90 1200 129 1263 τὸ
158 1199 338 1282 δημοτικὸν
366 1200 468 1282 ἔχειν,
497 1195 724 1264 ἀπαλλακτέον
750 1198 830 1282 ἡμῖν
857 1194 913 1262 καί
940 1205 1044 1262 ταῦτα
1067 1200 1107 1263 τά

89 1305 226 1389 σώματα
254 1305 420 1387 ἐκποδών,
449 1304 490 1368 τὰ
519 1300 580 1387 μέν
603 1304 647 1381 ὡς
670 1305 817 1390 ἀχρηστα
841 1305 888 1380 είς
909 1308 1106 1391 πολιορκίαν
1121 1327 1147 1366 ιο

90 1410 243 1495 ἐσόμενα,
266 1410 306 1475 τὰ
325 1407 356 1474 δ’
379 1410 424 1486 ὡς
443 1409 484 1475 οὐ
504 1411 728 1494 διαμενοῦντα
745 1412 888 1493 βεβαίως
906 1413 996 1495 φίλα.
1030 1411 1106 1476 ἀπε-

38 1574 43 1581 ,
90 1515 309 1602 λαυνομένων
328 1512 366 1582 δὲ
385 1514 440 1581 καὶ
457 1517 586 1582 τούτων
604 1518 654 1592 τίς
671 1515 692 1598 ἡ
712 1515 908 1600 φυλάξουσα
926 1517 988 1598 τὴν
1007 1521 1106 1583 πόλιν

36 1625 140 1688 158έτι
155 1625 373 1708 λειφθήσεται
388 1623 543 1707 δύναμις;
568 1621 588 1705 ἢ
602 1624 670 1686 τίνι
683 1622 918 1697 πιστεύσαντες
932 1622 1106 1711 έπικουρίρι

87 1730 130 1793 τδι
154 1729 248 1793 δεινά
271 1730 479 1813 τολμήσομεν
497 1725 692 1811 ύπομένειν;
715 1725 736 1809 ἡ
755 1725 870 1811 μέντοι
889 1728 993 1792 οίκεία
1011 1728 1106 1812 ἡμῶν

88 1834 265 1919 καταφυγὴ
292 1832 348 1899 καὶ
376 1837 462 1918 μόνη
491 1832 625 1918 βέβαιος
654 1829 768 1916 έλπίς,
788 1833 809 1916 ἡ
832 1843 900 1897 τῶν
922 1836 1105 1918 πατρικίων
1119 1857 1145 1897 15

88 1940 193 2026 ἀκμή,
218 1941 357 2025 βραχεῖά
380 1940 481 2025 ἐστιν,
505 1941 615 2023 ὥσπερ
640 1939 748 2025 ὁρᾶτε,
771 1936 827 2004 καί
850 1939 912 2004 οὐκ
935 1938 1029 2017 ἀξιον
1052 1937 1105 2005 έπί

87 2048 192 2133 ταύτη
225 2044 309 2130 μέγα
342 2057 492 2133 φρονεῖν.
538 2069 571 2110 τι
603 2040 665 2110 οὖν
699 2045 735 2110 οί
763 2046 823 2110 τὸν
850 2047 997 2128 πόλεμον
1024 2045 1105 2110 ὑπο-

88 2151 204 2238 μένειν
232 2153 465 2236 εἰσηγούμενοι
494 2156 635 2238 ληροῦσι
663 2148 717 2217 καὶ
746 2154 982 2236 φενακίζουσιν
1008 2151 1104 2236 ἡμᾶς,

88 2256 161 2324 ἀλλ’
180 2257 255 2343 οὐχὶ
277 2270 431 2344 φανερῶς
452 2267 676 2344 παραινοῦσιν
696 2255 858 2343 ἀναιμωτὶ
876 2254 931 2322 καί
951 2259 1026 2342 δίχα
1045 2262 1104 2324 πό

88 2390 154 2432 νου
176 2367 400 2451 παραδιδόναι
422 2375 492 2443 τοῖς
515 2365 650 2450 ἐχθροῖς
671 2366 736 2449 ἤδη
759 2365 821 2448 τὴν
844 2367 956 2442 πόλιν;
1118 2387 1145 2427 ιο

156 2471 224 2537 LII.
245 2469 331 2537 Ἀλλ’
353 2477 433 2550 ίσως
455 2475 558 2556 ἔγωγε
580 2472 772 2555 τετύφωμαι
792 2479 895 2535 ταῦτα
919 2469 1026 2552 λέγων
1049 2470 1104 2537 καί

87 2579 128 2643 τὰ
151 2578 196 2662 μὴ
221 2580 314 2644 δεινά
336 2578 415 2657 ἀξιῶ
442 2576 600 2644 δεδιέναι·
633 2586 673 2662 τῇ
696 2580 790 2642 πόλει
813 2569 846 2641 δέ
864 2573 965 2642 οὐδὲν
989 2577 1103 2665 ἕτερον

87 2685 153 2767 ἤδη
173 2705 240 2750 που
257 2686 488 2751 κινδυνεύεται
505 2684 526 2768 ἢ
546 2688 722 2769 μεταβολή,
740 2691 873 2769 πρᾶγμα
892 2684 933 2749 ού
947 2688 1102 2771 χαλεπόν,

86 2791 171 2855 κατὰ
199 2793 326 2875 πολλήν
354 2787 385 2853 τ’
407 2789 450 2856 ἀν
477 2789 557 2874 ἡμῖν
580 2789 751 2856 εὐπέτειαν
775 2789 811 2855 έκ
833 2791 957 2868 παντὸς
980 2794 1104 2870 ἔθνους

86 2894 144 2962 καὶ
174 2899 280 2962 τόπου
312 2897 400 2981 θῆτά
432 2919 467 2962 τε
499 2895 555 2962 καί
584 2897 729 2980 πελάτην
761 2898 862 2980 ὄχλον
889 2897 1141 2978 είσδέξασθαιιο

161 3094 176 3142 1
200 3087 418 3160 περιφερόμενοι
446 3088 468 3142 Ο
514 3086 767 3160 περιφθειρόμενοι
796 3089 886 3145 Cobet
913 3091 976 3147 Obs,
1002 3107 1028 3158 p.
1050 3096 1099 3144 121

87 3165 104 3214 5
123 3159 336 3229 ἀνυπομόνητος
354 3176 377 3215 ο.
393 3159 534 3230 Sylburg!
551 3157 619 3228 ὅφιν
638 3159 687 3213 διδι
705 3159 808 3231 χρυσὸν
826 3160 876 3215 τὸν
893 3161 1035 3229 τύραννον
1053 3160 1102 3213 οῦ-

86 3229 147 3293 δείς
166 3229 186 3284 Ο
241 3236 257 3285 8
277 3229 423 3302 μέλλοιμεν
442 3231 464 3287 O
502 3228 635 3302 μέλλομεν
655 3229 744 3285 Cobet
762 3228 828 3285 Obs.
847 3249 875 3300 p.
890 3237 941 3284 122
958 3233 962 3300 Ι
978 3228 1101 3292 ἀπίστως

86 3301 110 3356 0
148 3301 304 3365 ἀσπείστως
321 3301 425 3357 Reiske
502 3300 645 3375 θύμῖνΒ
724 3308 756 3355 12
776 3301 811 3370 δὴ
831 3300 884 3354 ΑΒ
921 3298 993 3355 δὲΟ
1066 3305 1101 3354 14

86 3369 166 3461 μέντ’
184 3370 293 3428 οίκείαλ
375 3380 407 3429 17
425 3393 453 3427 τι
471 3370 542 3444 μέγα
560 3374 585 3426 Α
663 3379 695 3428 18
714 3371 893 3441 πληροῦσιΑ
969 3375 1002 3423 21
1023 3369 1099 3440 ἴσως]

86 3464 104 3511 η
125 3443 165 3497 ὡν
182 3442 205 3496 Β
278 3450 312 3499 23
331 3444 423 3514 δήπου
443 3444 607 3500 dubitanter
624 3459 647 3500 ο.
666 3441 811 3510 Kiessling

887 3529 944 3583 <2³2ss
