<?xml version="1.0" encoding="UTF-8"?>
<!DOCTYPE html PUBLIC "-//W3C//DTD XHTML 1.0 Transitional//EN"
    "http://www.w3.org/TR/xhtml1/DTD/xhtml1-transitional.dtd">
<html xmlns="http://www.w3.org/1999/xhtml" xml:lang="en" lang="en">
 <head>
  <title>
</title>
<meta http-equiv="Content-Type" content="text/html;charset=utf-8" />
  <meta name='ocr-system' content='tesseract 3.04.00' />
  <meta name='ocr-capabilities' content='ocr_page ocr_carea ocr_par ocr_line ocrx_word'/>
</head>
<body>
  <div class='ocr_page' id='page_1' title='image "./dionysihalicarn02diongoog_0205.png"; bbox 0 0 2414 3840; ppageno 0'>
   <div class='ocr_carea' id='block_1_1' title="bbox 134 182 724 289">
    <p class='ocr_par' dir='ltr' id='par_1_1' title="bbox 134 182 724 289">
     <span class='ocr_line' id='line_1_1' title="bbox 134 182 724 289; baseline 0 -42"><span class='ocrx_word' id='word_1_1' title='bbox 134 182 199 248; x_wconf 79' lang='lat'><strong><em>192</em></strong></span> <span class='ocrx_word' id='word_1_2' title='bbox 560 184 724 289; x_wconf 53' lang='lat' dir='ltr'><strong><em>-Ess</em></strong></span> 
     </span>
    </p>
   </div>
   <div class='ocr_carea' id='block_1_2' title="bbox 46 338 1203 3092">
    <p class='ocr_par' dir='ltr' id='par_1_2' title="bbox 99 338 1160 643">
     <span class='ocr_line' id='line_1_2' title="bbox 99 338 1160 430; baseline -0.004 -18"><span class='ocrx_word' id='word_1_3' title='bbox 99 348 120 412; x_wconf 87' lang='grc'><strong>3</strong></span> <span class='ocrx_word' id='word_1_4' title='bbox 135 348 306 430; x_wconf 83' lang='grc' dir='ltr'><strong><em>ἔβλαπτον.</em></strong></span> <span class='ocrx_word' id='word_1_5' title='bbox 331 340 414 430; x_wconf 73' lang='grc' dir='ltr'><strong><em>ὑπὲρ</em></strong></span> <span class='ocrx_word' id='word_1_6' title='bbox 430 338 477 408; x_wconf 83' lang='grc' dir='ltr'><strong><em>ὧν</em></strong></span> <span class='ocrx_word' id='word_1_7' title='bbox 492 343 746 419; x_wconf 77' lang='grc' dir='ltr'><strong><em>ἀποστείλαντες</em></strong></span> <span class='ocrx_word' id='word_1_8' title='bbox 760 343 795 408; x_wconf 86' lang='grc' dir='ltr'><strong><em>οί</em></strong></span> <span class='ocrx_word' id='word_1_9' title='bbox 802 338 957 427; x_wconf 77' lang='grc' dir='ltr'><strong><em>Ῥωμαῖοι</em></strong></span> <span class='ocrx_word' id='word_1_10' title='bbox 970 344 1160 428; x_wconf 78' lang='grc' dir='ltr'><strong><em>πρεσβείαν</em></strong></span> 
     </span>
     <span class='ocr_line' id='line_1_3' title="bbox 133 445 1159 537; baseline -0.002 -21"><span class='ocrx_word' id='word_1_11' title='bbox 133 449 215 537; x_wconf 80' lang='grc' dir='ltr'><strong><em>πρὶν</em></strong></span> <span class='ocrx_word' id='word_1_12' title='bbox 238 448 291 516; x_wconf 77' lang='grc' dir='ltr'><strong><em>ἐπὶ</em></strong></span> <span class='ocrx_word' id='word_1_13' title='bbox 313 451 354 514; x_wconf 86' lang='grc' dir='ltr'><strong><em>τά</em></strong></span> <span class='ocrx_word' id='word_1_14' title='bbox 377 451 462 516; x_wconf 87' lang='grc' dir='ltr'><strong><em>όπλα</em></strong></span> <span class='ocrx_word' id='word_1_15' title='bbox 485 459 633 536; x_wconf 80' lang='grc' dir='ltr'><strong><em>χωρῆσαι</em></strong></span> <span class='ocrx_word' id='word_1_16' title='bbox 657 450 751 526; x_wconf 93' lang='grc' dir='ltr'><strong><em>δίκας</em></strong></span> <span class='ocrx_word' id='word_1_17' title='bbox 773 447 878 534; x_wconf 79' lang='grc' dir='ltr'><strong><em>ᾔτουν</em></strong></span> <span class='ocrx_word' id='word_1_18' title='bbox 900 445 1012 514; x_wconf 81' lang='grc' dir='ltr'><strong><em>καὶτὸ</em></strong></span> <span class='ocrx_word' id='word_1_19' title='bbox 1033 450 1159 514; x_wconf 87' lang='grc' dir='ltr'><strong><em>λοιπὸν</em></strong></span> 
     </span>
     <span class='ocr_line' id='line_1_4' title="bbox 134 553 1157 643; baseline -0.002 -21"><span class='ocrx_word' id='word_1_20' title='bbox 134 557 251 643; x_wconf 80' lang='grc' dir='ltr'><strong><em>ἠξίουν</em></strong></span> <span class='ocrx_word' id='word_1_21' title='bbox 284 554 391 642; x_wconf 76' lang='grc' dir='ltr'><strong><em>μηδὲν</em></strong></span> <span class='ocrx_word' id='word_1_22' title='bbox 419 559 466 634; x_wconf 86' lang='grc' dir='ltr'><strong><em>είς</em></strong></span> <span class='ocrx_word' id='word_1_23' title='bbox 492 558 572 633; x_wconf 91' lang='grc' dir='ltr'><strong><em>τούς</em></strong></span> <span class='ocrx_word' id='word_1_24' title='bbox 599 553 840 641; x_wconf 75' lang='grc' dir='ltr'><strong><em>ἐργαζομένους</em></strong></span> <span class='ocrx_word' id='word_1_25' title='bbox 864 556 927 639; x_wconf 83' lang='grc' dir='ltr'><strong><em>τὴν</em></strong></span> <span class='ocrx_word' id='word_1_26' title='bbox 953 565 1020 639; x_wconf 78' lang='grc' dir='ltr'><strong><em>γῆν</em></strong></span> <span class='ocrx_word' id='word_1_27' title='bbox 1048 577 1157 641; x_wconf 85' lang='grc' dir='ltr'><strong><em>παρα-</em></strong></span> 
     </span>
    </p>

    <p class='ocr_par' dir='ltr' id='par_1_3' title="bbox 46 659 1203 1813">
     <span class='ocr_line' id='line_1_5' title="bbox 53 659 1158 749; baseline -0.002 -19"><span class='ocrx_word' id='word_1_28' title='bbox 53 672 64 680; x_wconf 84' lang='grc'><strong>“</strong></span> <span class='ocrx_word' id='word_1_29' title='bbox 134 675 260 749; x_wconf 83' lang='grc' dir='ltr'><strong><em>νομεϊν.</em></strong></span> <span class='ocrx_word' id='word_1_30' title='bbox 312 663 473 743; x_wconf 73' lang='grc' dir='ltr'><strong><em>αὐθάδεις</em></strong></span> <span class='ocrx_word' id='word_1_31' title='bbox 505 659 542 729; x_wconf 75' lang='grc' dir='ltr'><strong><em>δὲ</em></strong></span> <span class='ocrx_word' id='word_1_32' title='bbox 577 665 735 745; x_wconf 78' lang='grc' dir='ltr'><strong><em>λαβόντες</em></strong></span> <span class='ocrx_word' id='word_1_33' title='bbox 768 663 958 748; x_wconf 75' lang='grc' dir='ltr'><strong><em>ἀποκρίσεις</em></strong></span> <span class='ocrx_word' id='word_1_34' title='bbox 989 672 1158 746; x_wconf 70' lang='grc' dir='ltr'><strong><em>προεῖπον</em></strong></span> 
     </span>
     <span class='ocr_line' id='line_1_6' title="bbox 109 765 1157 854; baseline -0.005 -17"><span class='ocrx_word' id='word_1_35' title='bbox 109 772 251 848; x_wconf 79' lang='grc' dir='ltr'><strong><em>5αὐτοῑς</em></strong></span> <span class='ocrx_word' id='word_1_36' title='bbox 273 771 333 836; x_wconf 91' lang='grc' dir='ltr'><strong><em>τὸν</em></strong></span> <span class='ocrx_word' id='word_1_37' title='bbox 356 772 511 854; x_wconf 92' lang='grc' dir='ltr'><strong><em>πόλεμον.</em></strong></span> <span class='ocrx_word' id='word_1_38' title='bbox 548 766 604 834; x_wconf 85' lang='grc' dir='ltr'><strong><em>καὶ</em></strong></span> <span class='ocrx_word' id='word_1_39' title='bbox 626 771 754 853; x_wconf 89' lang='grc' dir='ltr'><strong><em>γίνεται</em></strong></span> <span class='ocrx_word' id='word_1_40' title='bbox 778 768 842 854; x_wconf 80' lang='grc' dir='ltr'><strong><em>&lt;ἡ&gt;</em></strong></span> <span class='ocrx_word' id='word_1_41' title='bbox 867 765 928 853; x_wconf 74' lang='grc' dir='ltr'><strong><em>μὲν</em></strong></span> <span class='ocrx_word' id='word_1_42' title='bbox 950 768 1067 854; x_wconf 81' lang='grc' dir='ltr'><strong><em>πρώτη</em></strong></span> <span class='ocrx_word' id='word_1_43' title='bbox 1087 767 1157 846; x_wconf 81' lang='grc' dir='ltr'><strong><em>ἕξο-</em></strong></span> 
     </span>
     <span class='ocr_line' id='line_1_7' title="bbox 136 872 1156 963; baseline -0.004 -19"><span class='ocrx_word' id='word_1_44' title='bbox 136 878 195 955; x_wconf 89' lang='grc' dir='ltr'><strong><em>δος</em></strong></span> <span class='ocrx_word' id='word_1_45' title='bbox 214 875 288 955; x_wconf 79' lang='grc' dir='ltr'><strong><em>ἑνὸς</em></strong></span> <span class='ocrx_word' id='word_1_46' title='bbox 306 887 373 942; x_wconf 81' lang='grc' dir='ltr'><strong><em>τῶν</em></strong></span> <span class='ocrx_word' id='word_1_47' title='bbox 390 877 527 942; x_wconf 88' lang='grc' dir='ltr'><strong><em>ὐπάτων</em></strong></span> <span class='ocrx_word' id='word_1_48' title='bbox 543 875 732 963; x_wconf 82' lang='grc' dir='ltr'><strong><em>Οὐαλερίου</em></strong></span> <span class='ocrx_word' id='word_1_49' title='bbox 745 878 811 942; x_wconf 88' lang='grc' dir='ltr'><strong><em>σύν</em></strong></span> <span class='ocrx_word' id='word_1_50' title='bbox 826 875 960 941; x_wconf 79' lang='grc' dir='ltr'><strong><em>ἱππεῦσι</em></strong></span> <span class='ocrx_word' id='word_1_51' title='bbox 973 872 1032 939; x_wconf 84' lang='grc' dir='ltr'><strong><em>καὶ</em></strong></span> <span class='ocrx_word' id='word_1_52' title='bbox 1045 878 1156 953; x_wconf 78' lang='grc' dir='ltr'><strong><em>ψιλῶν</em></strong></span> 
     </span>
     <span class='ocr_line' id='line_1_8' title="bbox 134 979 1157 1069; baseline -0.005 -19"><span class='ocrx_word' id='word_1_53' title='bbox 134 995 205 1062; x_wconf 77' lang='grc' dir='ltr'><strong><em>τοῖς</em></strong></span> <span class='ocrx_word' id='word_1_54' title='bbox 228 983 460 1069; x_wconf 77' lang='grc' dir='ltr'><strong><em>ἀκμαιοτάτοις</em></strong></span> <span class='ocrx_word' id='word_1_55' title='bbox 483 983 654 1067; x_wconf 80' lang='grc' dir='ltr'><strong><em>αἰφνίδιος</em></strong></span> <span class='ocrx_word' id='word_1_56' title='bbox 676 979 730 1047; x_wconf 80' lang='grc' dir='ltr'><strong><em>ἐπὶ</em></strong></span> <span class='ocrx_word' id='word_1_57' title='bbox 751 983 831 1058; x_wconf 88' lang='grc' dir='ltr'><strong><em>τούς</em></strong></span> <span class='ocrx_word' id='word_1_58' title='bbox 853 979 1072 1067; x_wconf 75' lang='grc' dir='ltr'><strong><em>λῃιζομένους</em></strong></span> <span class='ocrx_word' id='word_1_59' title='bbox 1093 981 1157 1064; x_wconf 79' lang='grc' dir='ltr'><strong><em>τὴν</em></strong></span> 
     </span>
     <span class='ocr_line' id='line_1_9' title="bbox 134 1086 1203 1177; baseline -0.002 -21"><span class='ocrx_word' id='word_1_60' title='bbox 134 1092 247 1177; x_wconf 83' lang='grc' dir='ltr'><strong><em>χώραν</em></strong></span> <span class='ocrx_word' id='word_1_61' title='bbox 270 1088 325 1156; x_wconf 82' lang='grc' dir='ltr'><strong><em>καί</em></strong></span> <span class='ocrx_word' id='word_1_62' title='bbox 348 1092 454 1174; x_wconf 91' lang='grc' dir='ltr'><strong><em>φόνος</em></strong></span> <span class='ocrx_word' id='word_1_63' title='bbox 475 1098 543 1153; x_wconf 81' lang='grc' dir='ltr'><strong><em>τῶν</em></strong></span> <span class='ocrx_word' id='word_1_64' title='bbox 566 1086 852 1173; x_wconf 76' lang='grc' dir='ltr'><strong><em>καταληφθέντων</em></strong></span> <span class='ocrx_word' id='word_1_65' title='bbox 876 1088 912 1153; x_wconf 88' lang='grc' dir='ltr'><strong><em>έν</em></strong></span> <span class='ocrx_word' id='word_1_66' title='bbox 934 1097 1007 1164; x_wconf 79' lang='grc' dir='ltr'><strong><em>ταῖς</em></strong></span> <span class='ocrx_word' id='word_1_67' title='bbox 1029 1103 1203 1173; x_wconf 71' lang='grc' dir='ltr'><strong><em>προνο-ολ.</em></strong></span> 
     </span>
     <span class='ocr_line' id='line_1_10' title="bbox 46 1186 1157 1282; baseline -0.005 -19"><span class='ocrx_word' id='word_1_68' title='bbox 46 1188 51 1196; x_wconf 57' lang='grc'><em>’</em></span> <span class='ocrx_word' id='word_1_69' title='bbox 112 1207 212 1282; x_wconf 70' lang='grc' dir='ltr'><strong><em>,μαίς</em></strong></span> <span class='ocrx_word' id='word_1_70' title='bbox 236 1206 369 1281; x_wconf 82' lang='grc' dir='ltr'><strong><em>συχνῶν</em></strong></span> <span class='ocrx_word' id='word_1_71' title='bbox 392 1197 501 1262; x_wconf 88' lang='grc' dir='ltr'><strong><em>όντων</em></strong></span> <span class='ocrx_word' id='word_1_72' title='bbox 523 1196 638 1278; x_wconf 85' lang='grc' dir='ltr'><strong><em>πολύς,</em></strong></span> <span class='ocrx_word' id='word_1_73' title='bbox 663 1186 717 1261; x_wconf 80' lang='grc' dir='ltr'><strong><em>οἷα</em></strong></span> <span class='ocrx_word' id='word_1_74' title='bbox 734 1196 822 1272; x_wconf 91' lang='grc' dir='ltr'><strong><em>είκὸς</em></strong></span> <span class='ocrx_word' id='word_1_75' title='bbox 840 1194 1035 1280; x_wconf 80' lang='grc' dir='ltr'><strong><em>ἀνθρώπων</em></strong></span> <span class='ocrx_word' id='word_1_76' title='bbox 1054 1192 1157 1258; x_wconf 86' lang='grc' dir='ltr'><strong><em>ἀσυν-</em></strong></span> 
     </span>
     <span class='ocr_line' id='line_1_11' title="bbox 97 1282 1157 1396; baseline -0.004 -28"><span class='ocrx_word' id='word_1_77' title='bbox 97 1282 264 1396; x_wconf 51' lang='grc' dir='ltr'><strong><em>βμάκτων</em></strong></span> <span class='ocrx_word' id='word_1_78' title='bbox 288 1325 324 1368; x_wconf 90' lang='grc' dir='ltr'><strong><em>τε</em></strong></span> <span class='ocrx_word' id='word_1_79' title='bbox 347 1299 402 1368; x_wconf 85' lang='grc' dir='ltr'><strong><em>καὶ</em></strong></span> <span class='ocrx_word' id='word_1_80' title='bbox 425 1302 467 1366; x_wconf 95' lang='grc' dir='ltr'><strong><em>οὐ</em></strong></span> <span class='ocrx_word' id='word_1_81' title='bbox 490 1299 761 1388; x_wconf 76' lang='grc' dir='ltr'><strong><em>προῃσθημένων</em></strong></span> <span class='ocrx_word' id='word_1_82' title='bbox 783 1303 845 1385; x_wconf 82' lang='grc' dir='ltr'><strong><em>τὴν</em></strong></span> <span class='ocrx_word' id='word_1_83' title='bbox 867 1301 1004 1386; x_wconf 80' lang='grc' dir='ltr'><strong><em>ἔφοδον.</em></strong></span> <span class='ocrx_word' id='word_1_84' title='bbox 1044 1302 1157 1365; x_wconf 78' lang='grc' dir='ltr'><strong><em>ἔπειτα</em></strong></span> 
     </span>
     <span class='ocr_line' id='line_1_12' title="bbox 135 1405 1157 1492; baseline -0.002 -18"><span class='ocrx_word' id='word_1_85' title='bbox 135 1419 203 1474; x_wconf 83' lang='grc' dir='ltr'><strong><em>τῶν</em></strong></span> <span class='ocrx_word' id='word_1_86' title='bbox 227 1410 388 1492; x_wconf 81' lang='grc' dir='ltr'><strong><em>Σαβίνων</em></strong></span> <span class='ocrx_word' id='word_1_87' title='bbox 408 1409 536 1492; x_wconf 73' lang='grc' dir='ltr'><strong><em>πολλὴν</em></strong></span> <span class='ocrx_word' id='word_1_88' title='bbox 554 1407 823 1474; x_wconf 77' lang='grc' dir='ltr'><strong><em>ἀποστειλάντων</em></strong></span> <span class='ocrx_word' id='word_1_89' title='bbox 842 1405 890 1472; x_wconf 77' lang='grc' dir='ltr'><strong><em>ἐπ’</em></strong></span> <span class='ocrx_word' id='word_1_90' title='bbox 913 1407 1039 1484; x_wconf 82' lang='grc' dir='ltr'><strong><em>αὐτοὺς</em></strong></span> <span class='ocrx_word' id='word_1_91' title='bbox 1058 1423 1157 1492; x_wconf 90' lang='grc' dir='ltr'><strong><em>στρα-</em></strong></span> 
     </span>
     <span class='ocr_line' id='line_1_13' title="bbox 136 1508 1157 1602; baseline -0.001 -23"><span class='ocrx_word' id='word_1_92' title='bbox 136 1516 210 1581; x_wconf 91' lang='grc' dir='ltr'><strong><em>τιάν</em></strong></span> <span class='ocrx_word' id='word_1_93' title='bbox 242 1511 302 1600; x_wconf 87' lang='grc' dir='ltr'><strong><em>ὑφ’</em></strong></span> <span class='ocrx_word' id='word_1_94' title='bbox 328 1514 467 1600; x_wconf 77' lang='grc' dir='ltr'><strong><em>ἡγεμόνι</em></strong></span> <span class='ocrx_word' id='word_1_95' title='bbox 495 1512 699 1599; x_wconf 79' lang='grc' dir='ltr'><strong><em>τεταγμένην</em></strong></span> <span class='ocrx_word' id='word_1_96' title='bbox 730 1513 874 1602; x_wconf 84' lang='grc' dir='ltr'><strong><em>έμπείρφ</em></strong></span> <span class='ocrx_word' id='word_1_97' title='bbox 906 1510 1056 1598; x_wconf 89' lang='grc' dir='ltr'><strong><em>πολέμου</em></strong></span> <span class='ocrx_word' id='word_1_98' title='bbox 1078 1508 1157 1578; x_wconf 86' lang='grc' dir='ltr'><strong><em>Ῥω-</em></strong></span> 
     </span>
     <span class='ocr_line' id='line_1_14' title="bbox 137 1618 1157 1706; baseline -0.001 -20"><span class='ocrx_word' id='word_1_99' title='bbox 137 1623 245 1706; x_wconf 92' lang='grc' dir='ltr'><strong><em>μαίων</em></strong></span> <span class='ocrx_word' id='word_1_100' title='bbox 273 1618 368 1706; x_wconf 82' lang='grc' dir='ltr'><strong><em>ἑτέρα</em></strong></span> <span class='ocrx_word' id='word_1_101' title='bbox 395 1623 523 1706; x_wconf 89' lang='grc' dir='ltr'><strong><em>γίνεται</em></strong></span> <span class='ocrx_word' id='word_1_102' title='bbox 550 1618 600 1687; x_wconf 79' lang='grc' dir='ltr'><strong><em>ἐπ’</em></strong></span> <span class='ocrx_word' id='word_1_103' title='bbox 623 1621 746 1698; x_wconf 84' lang='grc' dir='ltr'><strong><em>αὐτοὺς</em></strong></span> <span class='ocrx_word' id='word_1_104' title='bbox 774 1620 888 1699; x_wconf 82' lang='grc' dir='ltr'><strong><em>ἔξοδος</em></strong></span> <span class='ocrx_word' id='word_1_105' title='bbox 915 1619 1059 1698; x_wconf 87' lang='grc' dir='ltr'><strong><em>άπάσαις</em></strong></span> <span class='ocrx_word' id='word_1_106' title='bbox 1085 1630 1157 1698; x_wconf 77' lang='grc' dir='ltr'><strong><em>ταῖς</em></strong></span> 
     </span>
     <span class='ocr_line' id='line_1_15' title="bbox 137 1724 1158 1813; baseline 0 -21"><span class='ocrx_word' id='word_1_107' title='bbox 137 1727 322 1811; x_wconf 91' lang='grc' dir='ltr'><strong><em>δυνάμεσιν</em></strong></span> <span class='ocrx_word' id='word_1_108' title='bbox 345 1726 499 1811; x_wconf 87' lang='grc' dir='ltr'><strong><em>ἀγόντων</em></strong></span> <span class='ocrx_word' id='word_1_109' title='bbox 522 1724 721 1813; x_wconf 88' lang='grc' dir='ltr'><strong><em>ἀμφοτέρων</em></strong></span> <span class='ocrx_word' id='word_1_110' title='bbox 743 1736 811 1792; x_wconf 80' lang='grc' dir='ltr'><strong><em>τῶν</em></strong></span> <span class='ocrx_word' id='word_1_111' title='bbox 833 1726 979 1792; x_wconf 85' lang='grc' dir='ltr'><strong><em>ὑπάτων.</em></strong></span> <span class='ocrx_word' id='word_1_112' title='bbox 1026 1729 1158 1792; x_wconf 79' lang='grc' dir='ltr'><strong><em>Ποστό</em></strong></span> 
     </span>
    </p>

    <p class='ocr_par' dir='ltr' id='par_1_4' title="bbox 99 1829 1203 2352">
     <span class='ocr_line' id='line_1_16' title="bbox 99 1829 1159 1919; baseline 0.005 -26"><span class='ocrx_word' id='word_1_113' title='bbox 99 1852 124 1894; x_wconf 89' lang='lat'><strong><em>15</em></strong></span> <span class='ocrx_word' id='word_1_114' title='bbox 139 1857 214 1919; x_wconf 90' lang='grc' dir='ltr'><strong><em>μιος</em></strong></span> <span class='ocrx_word' id='word_1_115' title='bbox 241 1831 302 1918; x_wconf 71' lang='grc' dir='ltr'><strong><em>μὲν</em></strong></span> <span class='ocrx_word' id='word_1_116' title='bbox 330 1829 392 1901; x_wconf 91' lang='grc' dir='ltr'><strong><em>οὐν</em></strong></span> <span class='ocrx_word' id='word_1_117' title='bbox 419 1836 563 1918; x_wconf 89' lang='grc' dir='ltr'><strong><em>πλησίου</em></strong></span> <span class='ocrx_word' id='word_1_118' title='bbox 589 1842 648 1917; x_wconf 81' lang='grc' dir='ltr'><strong><em>της</em></strong></span> <span class='ocrx_word' id='word_1_119' title='bbox 665 1829 790 1918; x_wconf 84' lang='grc' dir='ltr'><strong><em>Ῥώμης</em></strong></span> <span class='ocrx_word' id='word_1_120' title='bbox 813 1833 851 1898; x_wconf 86' lang='grc' dir='ltr'><strong><em>έν</em></strong></span> <span class='ocrx_word' id='word_1_121' title='bbox 873 1833 1020 1918; x_wconf 72' lang='grc' dir='ltr'><strong><em>ὀρεινοῖς</em></strong></span> <span class='ocrx_word' id='word_1_122' title='bbox 1042 1835 1159 1910; x_wconf 90' lang='grc' dir='ltr'><strong><em>τόποις</em></strong></span> 
     </span>
     <span class='ocr_line' id='line_1_17' title="bbox 137 1939 1157 2027; baseline 0.001 -22"><span class='ocrx_word' id='word_1_123' title='bbox 137 1940 477 2027; x_wconf 87' lang='grc' dir='ltr'><strong><em>κατεστρατοπέδευσε</em></strong></span> <span class='ocrx_word' id='word_1_124' title='bbox 501 1941 633 2026; x_wconf 85' lang='grc' dir='ltr'><strong><em>δεδιώς,</em></strong></span> <span class='ocrx_word' id='word_1_125' title='bbox 656 1942 700 2026; x_wconf 81' lang='grc' dir='ltr'><strong><em>μή</em></strong></span> <span class='ocrx_word' id='word_1_126' title='bbox 723 1964 773 2017; x_wconf 88' lang='grc' dir='ltr'><strong><em>τις</em></strong></span> <span class='ocrx_word' id='word_1_127' title='bbox 795 1941 919 2025; x_wconf 80' lang='grc' dir='ltr'><strong><em>ἔφοδος</em></strong></span> <span class='ocrx_word' id='word_1_128' title='bbox 942 1939 979 2004; x_wconf 79' lang='grc' dir='ltr'><strong><em>ἐκ</em></strong></span> <span class='ocrx_word' id='word_1_129' title='bbox 999 1950 1071 2006; x_wconf 80' lang='grc' dir='ltr'><strong><em>τῶν</em></strong></span> <span class='ocrx_word' id='word_1_130' title='bbox 1094 1965 1157 2026; x_wconf 79' lang='grc' dir='ltr'><strong><em>φυ</em></strong></span> 
     </span>
     <span class='ocr_line' id='line_1_18' title="bbox 139 2043 1152 2132; baseline -0.001 -20"><span class='ocrx_word' id='word_1_131' title='bbox 139 2047 254 2130; x_wconf 90' lang='grc' dir='ltr'><strong><em>γάδων</em></strong></span> <span class='ocrx_word' id='word_1_132' title='bbox 286 2044 336 2112; x_wconf 79' lang='grc' dir='ltr'><strong><em>ἐπ’</em></strong></span> <span class='ocrx_word' id='word_1_133' title='bbox 368 2047 473 2130; x_wconf 77' lang='grc' dir='ltr'><strong><em>αὐτὴν</em></strong></span> <span class='ocrx_word' id='word_1_134' title='bbox 504 2046 640 2131; x_wconf 88' lang='grc' dir='ltr'><strong><em>γένηται</em></strong></span> <span class='ocrx_word' id='word_1_135' title='bbox 673 2048 857 2132; x_wconf 82' lang='grc' dir='ltr'><strong><em>αἰφνίδιος·</em></strong></span> <span class='ocrx_word' id='word_1_136' title='bbox 904 2043 1091 2131; x_wconf 82' lang='grc' dir='ltr'><strong><em>Οὐαλέριος</em></strong></span> <span class='ocrx_word' id='word_1_137' title='bbox 1124 2043 1152 2111; x_wconf 77' lang='grc' dir='ltr'><strong><em>δ’</em></strong></span> 
     </span>
     <span class='ocr_line' id='line_1_19' title="bbox 140 2151 1157 2238; baseline -0.001 -19"><span class='ocrx_word' id='word_1_138' title='bbox 140 2153 239 2238; x_wconf 88' lang='grc' dir='ltr'><strong><em>έγγύς</em></strong></span> <span class='ocrx_word' id='word_1_139' title='bbox 269 2163 337 2218; x_wconf 79' lang='grc' dir='ltr'><strong><em>τῶν</em></strong></span> <span class='ocrx_word' id='word_1_140' title='bbox 369 2157 537 2238; x_wconf 90' lang='grc' dir='ltr'><strong><em>πολεμίων</em></strong></span> <span class='ocrx_word' id='word_1_141' title='bbox 569 2154 658 2237; x_wconf 89' lang='grc' dir='ltr'><strong><em>παρά</em></strong></span> <span class='ocrx_word' id='word_1_142' title='bbox 689 2154 840 2237; x_wconf 86' lang='grc' dir='ltr'><strong><em>ποταμδν</em></strong></span> <span class='ocrx_word' id='word_1_143' title='bbox 868 2151 1018 2237; x_wconf 81' lang='grc' dir='ltr'><strong><em>Ἀνίητα,</em></strong></span> <span class='ocrx_word' id='word_1_144' title='bbox 1052 2152 1091 2230; x_wconf 86' lang='grc' dir='ltr'><strong><em>ὃς</em></strong></span> <span class='ocrx_word' id='word_1_145' title='bbox 1122 2152 1157 2219; x_wconf 87' lang='grc' dir='ltr'><strong><em>έκ</em></strong></span> 
     </span>
     <span class='ocr_line' id='line_1_20' title="bbox 138 2254 1203 2352; baseline 0.001 -27"><span class='ocrx_word' id='word_1_146' title='bbox 138 2262 267 2352; x_wconf 86' lang='grc' dir='ltr'><strong><em>πόλεως</em></strong></span> <span class='ocrx_word' id='word_1_147' title='bbox 288 2255 350 2344; x_wconf 73' lang='grc' dir='ltr'><strong><em>μὲν</em></strong></span> <span class='ocrx_word' id='word_1_148' title='bbox 368 2261 524 2345; x_wconf 85' lang='grc' dir='ltr'><strong><em>Τιβύρων</em></strong></span> <span class='ocrx_word' id='word_1_149' title='bbox 545 2254 625 2325; x_wconf 75' lang='grc' dir='ltr'><strong><em>καθ’</em></strong></span> <span class='ocrx_word' id='word_1_150' title='bbox 646 2260 780 2343; x_wconf 77' lang='grc' dir='ltr'><strong><em>ὑψηλοῦ</em></strong></span> <span class='ocrx_word' id='word_1_151' title='bbox 796 2262 901 2336; x_wconf 90' lang='grc' dir='ltr'><strong><em>πολύς</em></strong></span> <span class='ocrx_word' id='word_1_152' title='bbox 919 2259 1062 2344; x_wconf 85' lang='grc' dir='ltr'><strong><em>έκχείται</em></strong></span> <span class='ocrx_word' id='word_1_153' title='bbox 1082 2277 1156 2326; x_wconf 92' lang='grc' dir='ltr'><strong><em>σκο-</em></strong></span> <span class='ocrx_word' id='word_1_154' title='bbox 1193 2300 1203 2310; x_wconf 92' lang='grc'>-</span> 
     </span>
    </p>

    <p class='ocr_par' dir='ltr' id='par_1_5' title="bbox 101 2361 1203 2453">
     <span class='ocr_line' id='line_1_21' title="bbox 101 2361 1203 2453; baseline 0.003 -24"><span class='ocrx_word' id='word_1_155' title='bbox 101 2366 256 2449; x_wconf 81' lang='grc' dir='ltr'><strong><em>εοπέλου,</em></strong></span> <span class='ocrx_word' id='word_1_156' title='bbox 286 2365 421 2453; x_wconf 89' lang='grc' dir='ltr'><strong><em>φέρεται</em></strong></span> <span class='ocrx_word' id='word_1_157' title='bbox 449 2363 486 2432; x_wconf 70' lang='grc' dir='ltr'><strong><em>δὲ</em></strong></span> <span class='ocrx_word' id='word_1_158' title='bbox 510 2367 566 2431; x_wconf 89' lang='grc' dir='ltr'><strong><em>διά</em></strong></span> <span class='ocrx_word' id='word_1_159' title='bbox 587 2376 645 2451; x_wconf 81' lang='grc' dir='ltr'><strong><em>τῆς</em></strong></span> <span class='ocrx_word' id='word_1_160' title='bbox 668 2368 830 2451; x_wconf 89' lang='grc' dir='ltr'><strong><em>Σαβίνων</em></strong></span> <span class='ocrx_word' id='word_1_161' title='bbox 851 2388 887 2432; x_wconf 90' lang='grc' dir='ltr'><strong><em>τε</em></strong></span> <span class='ocrx_word' id='word_1_162' title='bbox 909 2364 965 2431; x_wconf 80' lang='grc' dir='ltr'><strong><em>καὶ</em></strong></span> <span class='ocrx_word' id='word_1_163' title='bbox 983 2361 1156 2451; x_wconf 88' lang='grc' dir='ltr'><strong><em>Ῥωμαίων</em></strong></span> <span class='ocrx_word' id='word_1_164' title='bbox 1182 2391 1203 2423; x_wconf 68' lang='lat'>³</span> 
     </span>
    </p>

    <p class='ocr_par' dir='ltr' id='par_1_6' title="bbox 74 2469 1203 3092">
     <span class='ocr_line' id='line_1_22' title="bbox 74 2469 1203 2558; baseline 0.001 -20"><span class='ocrx_word' id='word_1_165' title='bbox 74 2533 77 2538; x_wconf 86' lang='lat'><em>.</em></span> <span class='ocrx_word' id='word_1_166' title='bbox 138 2473 296 2550; x_wconf 88' lang='grc' dir='ltr'><strong><em>πεδιάδος</em></strong></span> <span class='ocrx_word' id='word_1_167' title='bbox 318 2472 438 2555; x_wconf 79' lang='grc' dir='ltr'><strong><em>ὁρίζων</em></strong></span> <span class='ocrx_word' id='word_1_168' title='bbox 459 2474 523 2557; x_wconf 80' lang='grc' dir='ltr'><strong><em>τὴν</em></strong></span> <span class='ocrx_word' id='word_1_169' title='bbox 541 2472 706 2557; x_wconf 80' lang='grc' dir='ltr'><strong><em>ἑκατέρων</em></strong></span> <span class='ocrx_word' id='word_1_170' title='bbox 724 2474 849 2558; x_wconf 81' lang='grc' dir='ltr'><strong><em>χώραν·</em></strong></span> <span class='ocrx_word' id='word_1_171' title='bbox 883 2472 1045 2539; x_wconf 86' lang='grc' dir='ltr'><strong><em>συνάπτει</em></strong></span> <span class='ocrx_word' id='word_1_172' title='bbox 1064 2469 1102 2539; x_wconf 70' lang='grc' dir='ltr'><strong><em>δὲ</em></strong></span> <span class='ocrx_word' id='word_1_173' title='bbox 1119 2474 1154 2538; x_wconf 86' lang='grc' dir='ltr'><strong><em>τὸ</em></strong></span> <span class='ocrx_word' id='word_1_174' title='bbox 1170 2498 1203 2540; x_wconf 77' lang='lat'><strong>&lt;</strong></span> 
     </span>
     <span class='ocr_line' id='line_1_23' title="bbox 139 2576 1203 2669; baseline 0.001 -24"><span class='ocrx_word' id='word_1_175' title='bbox 139 2580 244 2666; x_wconf 79' lang='grc' dir='ltr'><strong><em>ῥεῦμα</em></strong></span> <span class='ocrx_word' id='word_1_176' title='bbox 266 2588 312 2668; x_wconf 74' lang='grc' dir='ltr'><strong><em>τῷ</em></strong></span> <span class='ocrx_word' id='word_1_177' title='bbox 333 2578 466 2665; x_wconf 88' lang='grc' dir='ltr'><strong><em>Τεβέρει</em></strong></span> <span class='ocrx_word' id='word_1_178' title='bbox 488 2587 624 2669; x_wconf 74' lang='grc' dir='ltr'><strong><em>ποταμῷ</em></strong></span> <span class='ocrx_word' id='word_1_179' title='bbox 647 2581 747 2658; x_wconf 88' lang='grc' dir='ltr'><strong><em>καλὸς</em></strong></span> <span class='ocrx_word' id='word_1_180' title='bbox 767 2576 829 2664; x_wconf 71' lang='grc' dir='ltr'><strong><em>μὲν</em></strong></span> <span class='ocrx_word' id='word_1_181' title='bbox 846 2579 1009 2665; x_wconf 78' lang='grc' dir='ltr'><strong><em>ὀφθῆναι,</em></strong></span> <span class='ocrx_word' id='word_1_182' title='bbox 1032 2582 1203 2664; x_wconf 60' lang='grc' dir='ltr'><strong><em>γλυκύἓ</em></strong></span> 
     </span>
     <span class='ocr_line' id='line_1_24' title="bbox 140 2683 764 2759; baseline 0 -8"><span class='ocrx_word' id='word_1_183' title='bbox 140 2683 177 2751; x_wconf 73' lang='grc' dir='ltr'><strong><em>δὲ</em></strong></span> <span class='ocrx_word' id='word_1_184' title='bbox 199 2690 367 2754; x_wconf 77' lang='grc' dir='ltr'><strong><em>πίνεσθαι.</em></strong></span> <span class='ocrx_word' id='word_1_185' title='bbox 752 2740 764 2759; x_wconf 80' lang='grc'><strong>.</strong></span> 
     </span>
     <span class='ocr_line' id='line_1_25' title="bbox 206 2789 1203 2880; baseline 0.001 -22"><span class='ocrx_word' id='word_1_186' title='bbox 206 2793 391 2860; x_wconf 88' lang='lat' dir='ltr'>XXXVIII.</span> <span class='ocrx_word' id='word_1_187' title='bbox 417 2789 472 2858; x_wconf 88' lang='grc' dir='ltr'><strong><em>Ἐκ</em></strong></span> <span class='ocrx_word' id='word_1_188' title='bbox 491 2789 533 2858; x_wconf 72' lang='grc' dir='ltr'><strong><em>’δὲ</em></strong></span> <span class='ocrx_word' id='word_1_189' title='bbox 555 2803 623 2858; x_wconf 81' lang='grc' dir='ltr'><strong><em>τῶν</em></strong></span> <span class='ocrx_word' id='word_1_190' title='bbox 647 2791 768 2876; x_wconf 82' lang='grc' dir='ltr'><strong><em>ἑτέρων</em></strong></span> <span class='ocrx_word' id='word_1_191' title='bbox 790 2802 853 2859; x_wconf 83' lang='grc' dir='ltr'><strong><em>τοῦ</em></strong></span> <span class='ocrx_word' id='word_1_192' title='bbox 874 2803 1027 2878; x_wconf 85' lang='grc' dir='ltr'><strong><em>ποταμοῦ</em></strong></span> <span class='ocrx_word' id='word_1_193' title='bbox 1045 2803 1203 2880; x_wconf 78' lang='grc' dir='ltr'><strong><em>μερῶν-</em></strong></span> 
     </span>
     <span class='ocr_line' id='line_1_26' title="bbox 100 2899 1139 2985; baseline 0.006 -27"><span class='ocrx_word' id='word_1_194' title='bbox 100 2900 159 2984; x_wconf 77' lang='grc' dir='ltr'><strong><em>εεὴ</em></strong></span> <span class='ocrx_word' id='word_1_195' title='bbox 188 2910 255 2964; x_wconf 82' lang='grc' dir='ltr'><strong><em>τῶν</em></strong></span> <span class='ocrx_word' id='word_1_196' title='bbox 278 2902 438 2983; x_wconf 89' lang='grc' dir='ltr'><strong><em>Σαβίνων</em></strong></span> <span class='ocrx_word' id='word_1_197' title='bbox 464 2901 568 2964; x_wconf 87' lang='grc' dir='ltr'><strong><em>έκειτο</em></strong></span> <span class='ocrx_word' id='word_1_198' title='bbox 592 2901 783 2985; x_wconf 79' lang='grc' dir='ltr'><strong><em>παρεμβολὴ</em></strong></span> <span class='ocrx_word' id='word_1_199' title='bbox 807 2908 868 2964; x_wconf 85' lang='grc' dir='ltr'><strong><em>τοῦ</em></strong></span> <span class='ocrx_word' id='word_1_200' title='bbox 891 2899 1055 2985; x_wconf 77' lang='grc' dir='ltr'><strong><em>ῥεύματος</em></strong></span> <span class='ocrx_word' id='word_1_201' title='bbox 1078 2900 1139 2966; x_wconf 94' lang='grc' dir='ltr'><strong><em>οὐδ</em></strong></span> 
     </span>
     <span class='ocr_line' id='line_1_27' title="bbox 141 3003 1203 3092; baseline -0.003 -20"><span class='ocrx_word' id='word_1_202' title='bbox 141 3007 223 3091; x_wconf 80' lang='grc' dir='ltr'><strong><em>αὐτη</em></strong></span> <span class='ocrx_word' id='word_1_203' title='bbox 243 3009 352 3072; x_wconf 88' lang='grc' dir='ltr'><strong><em>πολὺν</em></strong></span> <span class='ocrx_word' id='word_1_204' title='bbox 371 3003 538 3090; x_wconf 86' lang='grc' dir='ltr'><strong><em>ἀπέχουσα</em></strong></span> <span class='ocrx_word' id='word_1_205' title='bbox 555 3008 659 3072; x_wconf 88' lang='grc' dir='ltr'><strong><em>τόπον</em></strong></span> <span class='ocrx_word' id='word_1_206' title='bbox 678 3004 732 3071; x_wconf 79' lang='grc' dir='ltr'><strong><em>ἐπὶ</em></strong></span> <span class='ocrx_word' id='word_1_207' title='bbox 750 3008 927 3092; x_wconf 88' lang='grc' dir='ltr'><strong><em>γεωλόφου</em></strong></span> <span class='ocrx_word' id='word_1_208' title='bbox 945 3007 1038 3083; x_wconf 89' lang='grc' dir='ltr'><strong><em>τινὸς</em></strong></span> <span class='ocrx_word' id='word_1_209' title='bbox 1051 3003 1203 3091; x_wconf 70' lang='grc' dir='ltr'><strong><em>ηρέμιε</em></strong></span> 
     </span>
    </p>
   </div>
   <div class='ocr_carea' id='block_1_3' title="bbox 141 3159 1203 3520">
    <p class='ocr_par' dir='ltr' id='par_1_7' title="bbox 141 3159 1203 3520">
     <span class='ocr_line' id='line_1_28' title="bbox 212 3159 1203 3233; baseline 0 -15"><span class='ocrx_word' id='word_1_210' title='bbox 212 3163 297 3218; x_wconf 69' lang='grc' dir='ltr'><strong><em>λκαλ</em></strong></span> <span class='ocrx_word' id='word_1_211' title='bbox 320 3160 433 3218; x_wconf 88' lang='grc' dir='ltr'><strong><em>διδόναι</em></strong></span> <span class='ocrx_word' id='word_1_212' title='bbox 456 3160 539 3233; x_wconf 92' lang='grc' dir='ltr'><strong><em>λόγον</em></strong></span> <span class='ocrx_word' id='word_1_213' title='bbox 561 3164 661 3232; x_wconf 77' lang='grc' dir='ltr'><strong><em>ἠξίουν</em></strong></span> <span class='ocrx_word' id='word_1_214' title='bbox 680 3164 735 3218; x_wconf 79' lang='grc' dir='ltr'><strong><em>ΑΙ)</em></strong></span> <span class='ocrx_word' id='word_1_215' title='bbox 771 3163 821 3218; x_wconf 81' lang='grc' dir='ltr'><strong><em>καί</em></strong></span> <span class='ocrx_word' id='word_1_216' title='bbox 843 3163 875 3218; x_wconf 83' lang='grc' dir='ltr'><strong><em>τὸ</em></strong></span> <span class='ocrx_word' id='word_1_217' title='bbox 898 3164 999 3220; x_wconf 83' lang='grc' dir='ltr'><strong><em>λοιπόν</em></strong></span> <span class='ocrx_word' id='word_1_218' title='bbox 1016 3163 1112 3232; x_wconf 76' lang='grc' dir='ltr'><strong><em>ἠξίουν</em></strong></span> <span class='ocrx_word' id='word_1_219' title='bbox 1128 3159 1203 3212; x_wconf 73' lang='grc'>1</span> 
     </span>
     <span class='ocr_line' id='line_1_29' title="bbox 141 3232 1203 3305; baseline -0.002 -16"><span class='ocrx_word' id='word_1_220' title='bbox 141 3234 190 3290; x_wconf 80' lang='grc' dir='ltr'><strong><em>καί</em></strong></span> <span class='ocrx_word' id='word_1_221' title='bbox 209 3235 257 3291; x_wconf 85' lang='grc' dir='ltr'><strong><em>τὸν</em></strong></span> <span class='ocrx_word' id='word_1_222' title='bbox 277 3234 375 3289; x_wconf 89' lang='grc' dir='ltr'><strong><em>λοιπὸν</em></strong></span> <span class='ocrx_word' id='word_1_223' title='bbox 394 3232 477 3305; x_wconf 92' lang='grc' dir='ltr'><strong><em>λόγον</em></strong></span> <span class='ocrx_word' id='word_1_224' title='bbox 496 3233 609 3290; x_wconf 90' lang='grc' dir='ltr'><strong><em>διδόναι</em></strong></span> <span class='ocrx_word' id='word_1_225' title='bbox 627 3235 726 3304; x_wconf 76' lang='grc' dir='ltr'><strong><em>ἠξίουν</em></strong></span> <span class='ocrx_word' id='word_1_226' title='bbox 745 3234 766 3289; x_wconf 84' lang='lat' dir='ltr'>C</span> <span class='ocrx_word' id='word_1_227' title='bbox 820 3242 838 3290; x_wconf 85' lang='grc'>4</span> <span class='ocrx_word' id='word_1_228' title='bbox 856 3254 886 3290; x_wconf 85' lang='grc' dir='ltr'><strong><em>τε</em></strong></span> <span class='ocrx_word' id='word_1_229' title='bbox 905 3235 928 3290; x_wconf 93' lang='grc' dir='ltr'>Ο</span> <span class='ocrx_word' id='word_1_230' title='bbox 967 3233 999 3290; x_wconf 74' lang='grc' dir='ltr'><strong><em>δὲ</em></strong></span> <span class='ocrx_word' id='word_1_231' title='bbox 1013 3232 1203 3298; x_wconf 63' lang='grc' dir='ltr'><strong><em>ΚίεεεΙὶιιΕ</em></strong></span> 
     </span>
     <span class='ocr_line' id='line_1_30' title="bbox 143 3303 1203 3378; baseline -0.004 -18"><span class='ocrx_word' id='word_1_232' title='bbox 143 3306 278 3376; x_wconf 78' lang='grc' dir='ltr'><strong><em>5ηοάἀ.</em></strong></span> <span class='ocrx_word' id='word_1_233' title='bbox 298 3304 402 3360; x_wconf 84' lang='lat' dir='ltr'><strong>Reiske</strong></span> <span class='ocrx_word' id='word_1_234' title='bbox 469 3305 540 3360; x_wconf 79' lang='grc' dir='ltr'><strong><em>7τά</em></strong></span> <span class='ocrx_word' id='word_1_235' title='bbox 558 3307 688 3378; x_wconf 85' lang='grc' dir='ltr'><strong><em>γωρίαΟ</em></strong></span> <span class='ocrx_word' id='word_1_236' title='bbox 725 3307 778 3377; x_wconf 80' lang='grc' dir='ltr'><strong><em>τὴν</em></strong></span> <span class='ocrx_word' id='word_1_237' title='bbox 796 3307 891 3378; x_wconf 77' lang='grc' dir='ltr'><strong><em>χώραν</em></strong></span> <span class='ocrx_word' id='word_1_238' title='bbox 910 3323 934 3363; x_wconf 87' lang='grc' dir='ltr'><strong><em>ο.</em></strong></span> <span class='ocrx_word' id='word_1_239' title='bbox 954 3305 1076 3361; x_wconf 72' lang='lat' dir='ltr'><strong>Sintenis</strong></span> <span class='ocrx_word' id='word_1_240' title='bbox 1094 3303 1203 3357; x_wconf 56' lang='lat' dir='ltr'><strong><em>Em&lt;</em></strong></span> 
     </span>
     <span class='ocr_line' id='line_1_31' title="bbox 142 3371 1203 3447; baseline -0.002 -17"><span class='ocrx_word' id='word_1_241' title='bbox 142 3377 317 3434; x_wconf 80' lang='lat' dir='ltr'>Dion.1121</span> <span class='ocrx_word' id='word_1_242' title='bbox 382 3385 535 3447; x_wconf 90' lang='grc' dir='ltr'><strong><em>8προνομ.</em></strong></span> <span class='ocrx_word' id='word_1_243' title='bbox 555 3384 600 3441; x_wconf 78' lang='grc' dir='ltr'><strong><em>αῖς</em></strong></span> <span class='ocrx_word' id='word_1_244' title='bbox 618 3377 664 3432; x_wconf 92' lang='lat' dir='ltr'><strong><em>Bb</em></strong></span> <span class='ocrx_word' id='word_1_245' title='bbox 725 3384 757 3432; x_wconf 78' lang='lat'><strong><em>17</em></strong></span> <span class='ocrx_word' id='word_1_246' title='bbox 778 3373 824 3433; x_wconf 78' lang='grc' dir='ltr'><strong><em>ἐπ’</em></strong></span> <span class='ocrx_word' id='word_1_247' title='bbox 846 3378 934 3433; x_wconf 86' lang='grc' dir='ltr'><strong><em>αὐτὸν</em></strong></span> <span class='ocrx_word' id='word_1_248' title='bbox 952 3377 1006 3431; x_wconf 84' lang='grc' dir='ltr'><strong><em>ΑΙ)</em></strong></span> <span class='ocrx_word' id='word_1_249' title='bbox 1043 3373 1088 3432; x_wconf 74' lang='grc' dir='ltr'><strong><em>ἐπ’</em></strong></span> <span class='ocrx_word' id='word_1_250' title='bbox 1104 3371 1203 3428; x_wconf 69' lang='grc' dir='ltr'><strong><em>αὖ·</em></strong></span> 
     </span>
     <span class='ocr_line' id='line_1_32' title="bbox 143 3445 949 3520; baseline 0 -18"><span class='ocrx_word' id='word_1_251' title='bbox 143 3449 208 3511; x_wconf 84' lang='grc' dir='ltr'><strong><em>τούς</em></strong></span> <span class='ocrx_word' id='word_1_252' title='bbox 225 3447 275 3502; x_wconf 81' lang='lat' dir='ltr'><strong><em>BC</em></strong></span> <span class='ocrx_word' id='word_1_253' title='bbox 313 3446 359 3508; x_wconf 75' lang='grc' dir='ltr'><strong><em>ἐπ’</em></strong></span> <span class='ocrx_word' id='word_1_254' title='bbox 381 3448 470 3519; x_wconf 84' lang='grc' dir='ltr'><strong><em>αὐτὴν</em></strong></span> <span class='ocrx_word' id='word_1_255' title='bbox 489 3466 511 3504; x_wconf 85' lang='grc' dir='ltr'><strong><em>ο.</em></strong></span> <span class='ocrx_word' id='word_1_256' title='bbox 532 3445 720 3520; x_wconf 62' lang='grc' dir='ltr'><strong><em>ΒγλύιιτςΙδ</em></strong></span> <span class='ocrx_word' id='word_1_257' title='bbox 739 3449 815 3503; x_wconf 80' lang='lat' dir='ltr'><strong><em>ABa</em></strong></span> <span class='ocrx_word' id='word_1_258' title='bbox 851 3447 884 3504; x_wconf 71' lang='grc' dir='ltr'><strong><em>δὲ</em></strong></span> <span class='ocrx_word' id='word_1_259' title='bbox 902 3449 949 3503; x_wconf 93' lang='lat' dir='ltr'><strong><em>Bb</em></strong></span> 
     </span>
    </p>
   </div>
   <div class='ocr_carea' id='block_1_4' title="bbox 0 0 1213 3840">
    <p class='ocr_par' dir='ltr' id='par_1_8' title="bbox 0 0 1213 3840">
     <span class='ocr_line' id='line_1_33' title="bbox 0 0 1213 3840; baseline 0 0"><span class='ocrx_word' id='word_1_260' title='bbox 0 0 1213 3840; x_wconf 95' lang='lat' dir='ltr'><strong><em> </em></strong></span> 
     </span>
    </p>
   </div>
  </div>
 </body>
</html>
