2400 3848
545 160 708 210 -E-

114 317 343 402 γραφομίνας,
367 316 461 404 ἁρμῷ
485 339 551 381 τινι
574 327 632 401 της
654 319 764 404 θύρας
787 319 948 404 διαφανεῖ
966 322 1030 406 τὴν
1055 323 1140 399 ὄψιν

79 424 324 508 4προσβοιλών.
364 421 511 500 ἐξελθὼν
539 419 577 487 δὲ
599 428 723 507 πολλῆς
750 427 798 489 ἔτι
819 427 940 503 νυκτὸς
963 427 1070 510 οὔσης
1092 428 1140 505 ὡς

115 529 359 613 ἀπεσταλμένος
377 530 442 594 ὑπὸ
460 542 528 594 τῶν
548 531 719 595 δεσποτῶν
741 529 793 596 ἐπὶ
812 535 926 617 χρείαν
940 533 1026 615 τινά,
1052 534 1140 619 πρὸς

115 631 177 719 μὲν
200 636 278 710 τοὺς
300 635 447 712 ὑπάτους
471 636 621 719 ὤκνησεν
639 635 753 701 ἐλθεῖν
772 638 900 721 δεδιώς,
924 639 969 723 μὴ
989 639 1188 724 συγκρά-ειν

88 752 176 819 τφαι
199 742 237 805 τὸ
260 749 394 826 πρᾶγμα
417 743 617 825 βουλόμενοι
642 743 698 806 διδι
720 743 782 826 τὴν
806 743 942 808 εὔνοιαν
965 754 1033 808 τῶν
1055 759 1138 827 συγ-

115 859 224 930 γενῶν
256 849 315 912 τὸν
348 848 543 931 μηνύσαντα
574 848 635 930 τὴν
667 852 881 933 συνωμοσίαν
909 848 1137 934 ἀφανίσωσιν,

116 955 319 1039 ἀφικόμενος
342 951 373 1018 δ’
396 954 441 1031 ὡς
456 956 608 1019 Πόπλιον
624 953 821 1040 Οὐαλέριον,
845 954 882 1032 ὃς
900 955 938 1021 ἐν
955 966 1026 1032 τοῖς
1045 957 1138 1042 πρά-

116 1084 186 1137 τοις
213 1058 385 1146 τέτταρσιν
412 1056 456 1143 ἦν
482 1071 551 1125 τῶν
572 1060 635 1143 την
657 1062 841 1146 τυραννίδα
864 1061 1137 1145 καταλυσάντων,

118 1165 269 1245 δεξιώσει
296 1164 352 1231 καὶ
380 1163 423 1231 δι’
447 1167 558 1249 ὅρκων
584 1168 622 1231 τὸ
650 1168 769 1232 πιστὸν
791 1163 869 1252 παρ’
892 1167 996 1233 αὐτοῦ
1019 1168 1138 1251 λαβὼν

77 1294 103 1333 ιο
116 1269 200 1358 ὑπὲρ
224 1271 407 1356 ἀσφαλείας
428 1281 486 1355 τῆς
510 1271 630 1338 ἑαυτοῦ
653 1275 800 1358 μηνυτὴς
819 1270 866 1340 ῶν
884 1272 915 1338 τ’
938 1276 1063 1358 ἤκουσε
1081 1273 1139 1339 καὶ

82 1374 166 1447 δῶν
195 1374 263 1444 εἶδε
285 1382 423 1461 γίνεται.
465 1378 483 1444 ὁ
508 1376 539 1443 δ’
562 1379 606 1456 ὡς
630 1382 756 1463 ἔμαθεν
773 1380 941 1464 ,οὐδεμίαν
964 1380 1138 1465 ἀναβολὴν

116 1485 340 1569 ποιησάμενος
368 1482 420 1549 ἐπὶ
448 1484 509 1568 τὴν
538 1487 648 1550 οἰκίαν
669 1496 737 1550 τῶν
757 1483 938 1552 Ἀκυλλίων
961 1488 1026 1552 σὺν
1049 1485 1139 1572 χειρὶ

116 1595 223 1675 πολλῇ
256 1596 407 1656 πελατῶν
439 1614 474 1656 τε
506 1588 561 1655 καὶ
592 1595 701 1675 φίλων
728 1595 946 1678 παραγίνεται
972 1590 1049 1678 περὶ
1077 1593 1139 1658 τὸν

118 1699 247 1783 ὄρθρον
274 1695 329 1762 καὶ
352 1698 532 1782 παρελθὼν
557 1703 634 1762 είσω
657 1708 724 1762 τῶν
748 1705 866 1783 θυρῶν
890 1698 935 1775 ῶς
957 1692 1006 1763 ἐπ’
1029 1699 1139 1782 ἀλλην

78 1823 104 1865 ιι
118 1805 193 1870 τινδι
220 1806 335 1889 χρείαν
358 1804 476 1890 παρὼν
499 1803 674 1880 ἀκωλύτως
696 1798 767 1868 κατ’
789 1799 883 1870 οἷκον
905 1808 953 1870 ἔτι
975 1814 1043 1870 τῶν
1067 1828 1138 1889 μει-

118 1913 244 1995 ρακίων
278 1912 386 1975 ὄντων
419 1909 578 1995 ἐγκρατὴς
610 1913 737 1993 γίνεται
769 1921 836 1976 τῶν
868 1910 1051 1977 ἐπιστολῶν
1081 1910 1139 1978 καὶ

117 2017 196 2093 τοὺς
210 2019 408 2092 νεανίσκους
421 2017 599 2100 συλλαβὼν
612 2019 812 2101 καθίστησιν
827 2016 879 2083 ἐπὶ
891 2020 971 2095 τοὺς
979 2018 1138 2095 ὑπάτους.

185 2122 277 2187 VIII.
315 2123 362 2187 Τά
391 2119 427 2187 δὲ
456 2124 536 2208 μετά
564 2130 667 2187 ταῦτα
691 2125 771 2208 ἔργα
794 2122 940 2209 θατέρου
962 2135 1031 2190 τῶν
1052 2124 1138 2190 ὑπά-

118 2254 186 2295 των
209 2230 364 2314 Βρούτου
387 2230 513 2313 μεγάλοι
536 2227 590 2294 καὶ
613 2232 792 2314 θαυμαστά
815 2229 924 2314 λέγειν
947 2233 1048 2316 ἔχων,
1080 2226 1135 2316 ἐφ’

78 2359 104 2398 20
119 2329 168 2414 οἷς
191 2334 328 2421 μέγιστα
348 2346 516 2423 φρονοῦσι
534 2331 699 2420 Ῥωμαῖοι,
725 2335 859 2401 δέδοικα
880 2337 923 2421 μὴ
939 2339 1067 2423 σκληρά
1082 2336 1136 2402 καλ

119 2446 239 2508 άπιστα
272 2453 341 2519 τοῖς
361 2440 500 2526 Ἕλλησι
532 2440 617 2521 δόξω
651 2440 774 2525 λέγειν,
803 2441 915 2526 ἐπειδη
946 2444 1189 2526 πεφάκοισινθθο

120 2550 262 2627 ἅπαντες
293 2549 356 2613 ἀπὸ
389 2560 456 2615 τῶν
489 2550 585 2614 ίδίων
613 2555 734 2614 παθῶν
761 2551 801 2614 τὰ
828 2546 903 2634 περὶ
930 2559 997 2614 τῶν
1026 2550 1138 2616 ἀλλων

120 2657 283 2739 λεγόμενα
309 2658 437 2741 κρίνειν
465 2654 519 2720 καὶ
547 2657 584 2720 τὸ
612 2658 731 2721 πιστὸν
759 2657 898 2721 άπιστον
922 2652 974 2739 ἐφ’
997 2654 1139 2734 ἑαυτοὺς

84 2765 242 2828 2ποιείν·
279 2761 343 2847 ἐρῶ
368 2758 398 2826 δ’
422 2757 484 2827 οὖν
509 2763 604 2846 ὅμως.
650 2761 762 2845 ἐπειδὴ
787 2764 849 2849 γάρ
872 2760 978 2848 ἡμέρα
1000 2762 1139 2847 τάχιστα

192 2925 208 2972 3
228 2916 480 2987 ἀποοταλμένοςΑ
553 2925 568 2973 5
587 2917 725 2990 πρόνοιαν
743 2919 767 2972 Β
836 2926 852 2973 9
871 2919 974 2984 *δεξιω
994 2920 1073 2974 δοσει
1092 2919 1140 2973 Ba

121 2990 215 3055 δεξιᾶς
235 2988 360 3112 Met}
372 2989 417 3042 Bb
441 2988 472 3042 in
490 3007 544 3044 ras.
565 2996 580 3043 1
599 2989 655 3044 litt.
693 2989 789 3082 δεξιάς
812 2992 910 3082 δίδφσι
928 2989 954 3043 A
1045 2996 1078 3044 10
1099 2986 1139 3044 ὧν

120 3060 191 3115 τεΒ
228 3079 257 3113 τε
278 3055 316 3113 ὧν
450 3067 482 3114 15
502 3061 643 3122 ἀκώλυτος
660 3059 737 3113 ABb
774 3065 921 3124 ακωλντως
939 3061 986 3114 Ba
1004 3062 1038 3130 (ω
1057 3077 1092 3115 ex
1112 3065 1139 3131 ο)

156 3137 191 3186 23
210 3127 242 3185 δὲ
263 3148 316 3185 om.
336 3130 358 3182 Β
423 3136 457 3184 20
477 3128 606 3200 μέγιστον
625 3147 649 3184 ο.
669 3129 758 3185 Cobet
776 3131 842 3187 Obs.
861 3150 889 3202 p.
909 3137 942 3186 95
980 3126 1029 3201 ἐφ’
1046 3129 1089 3195 οἷς
1108 3153 1140 3204 ηε

122 3200 238 3273 μέγιστα
257 3218 280 3256 ο.
300 3200 405 3255 Reiske
478 3209 511 3255 21
531 3209 590 3265 τοῖς
609 3201 701 3264 ἀλλοις
714 3199 829 3272 Ἕλλησι
847 3203 870 3259 Ο
889 3203 1044 3274 praeterB
1080 3209 1141 3268 τοῖς

122 3274 223 3340 ἄλλοις,
242 3271 360 3344 μάλιστα
379 3271 411 3327 δὲ
429 3278 488 3335 τοῖς
499 3269 613 3342 Ἕλλησι
632 3290 655 3327 ο.
674 3272 834 3343 Stephanus
900 3281 934 3330 23
953 3275 1053 3329 πιστὸν
1072 3273 1142 3330 άπι-

123 3364 188 3401 στον
208 3343 256 3416 ἐφ’
275 3339 392 3407 ἑαυτοὺς
411 3342 433 3398 Ο
515 3344 614 3400 πιστὸν
633 3344 683 3399 καὶ
701 3344 819 3401 άπιστον
839 3341 887 3415 ἐφ’
904 3339 1015 3408 ἑαυτοῖς
1033 3362 1057 3400 c.
1077 3347 1141 3401 ste-

121 3417 234 3485 phanus
271 3416 370 3472 πιστὸν
389 3412 407 3484 ἢ
427 3415 546 3471 ἀπιττον
566 3411 614 3486 ἐφ’
632 3410 742 3479 ἑαυτοῖς
761 3433 783 3472 ο,
802 3416 905 3470 Reiske
