2414 3840
436 160 684 212 .·-Λ-
1067 153 1111 218 95

88 330 217 403 ποιεῖν,
244 321 339 404 ἀγων
362 320 422 385 τὸν
445 319 588 402 ἀγγελον
609 323 782 404 προήλθεν
805 318 852 394 είς
874 318 934 382 τὸν
957 319 1111 402 παρακεί-

89 451 197 514 μενον
222 436 294 503 τοῖς
322 427 505 510 βασιλείοις
531 432 652 508 κῆπον
689 426 808 508 ἔτυχον
836 420 873 489 δὲ
901 426 1052 508 μήκωνες
1074 423 1111 489 ἐν

91 533 183 622 αὐτῷ
214 542 399 616 πεφυκυῖαι
426 533 562 615 πλήρεις
588 531 653 615 ήδη
677 539 738 596 τοῦ
760 539 891 616 καρποῦ
913 528 968 597 καί
991 546 1111 614 συγκο-

91 640 192 725 μιδής
227 638 321 722 ὥραν
358 639 508 722 ἔχουσαι·
554 636 685 716 διεξιὼν
722 637 763 720 δή
801 637 857 702 διδ
892 637 1022 702 τούτων
1053 645 1112 720 τής

90 745 322 832 ὑπερεχούσης
340 741 391 810 ἀεὶ
409 748 562 829 μήκωνος
579 751 625 831 τῷ
644 745 795 827 σκήπωνι
812 746 920 810 παίων
934 744 996 826 τήν
1009 765 1138 826 κεφα-ι

91 853 159 937 λήν
187 850 361 936 ἀπήραττε.
406 859 510 916 ταῦτα
532 853 672 936 ποιήσας
696 848 864 916 ἀπέστειλε
885 852 945 917 τὸν
968 852 1146 934 ἀγγελον3

42 956 199 1026 τιτούδλν
228 957 492 1044 ἀποκρινάμενος
514 958 603 1045 <τῳ>
625 957 784 1035 πολλάκις
806 957 1026 1039 ἐπερωτῶντι,
1049 957 1111 1040 τήν

91 1067 340 1153 Θρασυβούλου
363 1073 424 1131 τοῦ
442 1066 615 1148 Μιλησίου
639 1064 795 1130 διάνοιαν
818 1065 862 1141 ὡς
886 1066 996 1148 ἔμοιγε
1021 1064 1114 1128 δοκεῖ

92 1172 336 1260 μιμησάμενος·
379 1168 436 1237 καὶ
466 1172 530 1258 γὰρ
564 1169 691 1249 ἐκεῖνος
726 1172 922 1260 Περιάνδρῳ
955 1167 1034 1236 ποτὲ
1065 1178 1110 1258 τῳ

91 1280 295 1366 Κορινθίων
312 1279 468 1366 τυράννῳ
486 1277 734 1365 πυνθανομένῳ
755 1279 811 1343 διολ
824 1288 885 1343 τοῦ
898 1275 1111 1362 πεμφθέντος
1126 1298 1152 1338 10

93 1384 255 1471 ἀγγέλου,
286 1394 357 1462 πῶς
383 1383 426 1450 ἀν
453 1382 692 1470 ἐγκρατέστατα
719 1384 780 1467 τήν
808 1383 913 1470 ἀρχήν
942 1385 1111 1469 κατάσχοι,

93 1496 199 1577 λύγον
235 1489 297 1577 μὲν
334 1487 457 1557 οὐδένα
494 1489 703 1574 ἀπέστειλεν,
739 1490 942 1557 ἀκολουθεῖν
979 1487 1016 1556 δὲ
1052 1492 1111 1556 τὸν

92 1601 221 1684 ήκοντα
247 1593 326 1684 παρ’
352 1597 456 1664 αὐτοῦ
484 1598 656 1680 κελεύσας,
688 1592 749 1681 ήγε
776 1592 821 1662 δι’
848 1597 994 1683 ἀρούρας
1024 1613 1111 1662 σιτο-

93 1708 226 1792 σπόρου
243 1703 397 1782 καὶτοὺς
414 1701 637 1790 ὑπερέχοντας
653 1713 721 1770 τῶν
739 1704 893 1788 σταχύων
907 1703 1112 1786 ἀποθραύων

94 1811 244 1898 ἐρρίπτει
275 1808 377 1896 χαμαὶ
406 1812 590 1895 διδάσκων,
624 1810 675 1876 ὅτι
707 1812 761 1875 δεῖ
791 1820 859 1874 τῶν
893 1808 1003 1873 ἀστῶν
1034 1810 1113 1885 τοὺς
1127 1829 1153 1870 ιε

94 1918 345 2004 δοκιμωτάτους
370 1918 525 1983 κολούειν
547 1940 583 1983 τε
605 1914 661 1982 καί
685 1918 907 2001 διαφθείρειν.
948 1916 986 1980 τὸ
1008 1922 1148 2000 παρα-4

94 2028 240 2110 πλήσιον
265 2025 306 2109 δή
329 2021 385 2090 καὶ
403 2033 464 2089 τοῦ
482 2026 671 2110 Ταρκυνίου
688 2026 763 2089 τότε
781 2025 983 2106 ποιήσαντος
1000 2020 1114 2098 συνεὶς

95 2133 158 2216 τήν
186 2131 342 2196 διάνοιαν
368 2139 430 2196 τοῦ
452 2133 576 2218 πατρὸς
604 2131 622 2197 ὁ
646 2129 796 2213 Σέξτος,
813 2131 864 2195 ὅτι
886 2130 1013 2195 κελεύει
1034 2131 1114 2204 τοὺς

95 2236 319 2325 ὑπερέχοντας
349 2248 417 2304 τῶν
446 2241 580 2322 Γαβίων
609 2236 776 2324 ἀναιρεῖν,
814 2237 1035 2304 συνεκάλεσεν
1067 2235 1114 2310 είς

96 2344 276 2429 ἐκκλησίαν
306 2347 344 2411 τὸ
376 2349 507 2428 πλῆθος
537 2342 594 2410 καὶ
624 2347 733 2410 πολὺν
761 2341 845 2430 ὑπὲρ
878 2342 982 2408 αὑτοῦ
1010 2343 1113 2423 λόγον
1126 2362 1153 2402 ιο

97 2450 313 2537 διαθέμενος,
337 2451 388 2516 ὅτι
410 2452 665 2535 καταπεφευγὼς
687 2452 734 2528 είς
756 2451 818 2534 τήν
841 2449 978 2516 ἐκείνων
1001 2451 1113 2514 πίστιν

97 2559 164 2644 άμα
196 2568 268 2636 τοίς
298 2556 441 2644 ἑταίροις
466 2558 658 2623 κινδυνεύει
684 2553 892 2640 συλληφθεὶς
918 2554 983 2620 ὑπό
1010 2579 1113 2621 τινων

97 2673 143 2755 τῷ
166 2663 270 2752 πατρί
291 2665 536 2751 παραδοθῆναι,
561 2666 624 2747 τήν
646 2660 677 2727 τ’
700 2663 806 2750 ἀρχήν
824 2661 955 2747 ἕτοιμος
972 2658 1015 2746 ήν
1033 2663 1113 2729 ἀπο-

55 2771 239 2855 λλλθέσθαι,
262 2769 317 2836 καὶ
339 2769 463 2857 πρὶν-ἣ
485 2777 610 2836 παθεῖν
633 2793 664 2835 τι
688 2772 802 2836 δεινὸν
825 2770 979 2856 ἀπαίρειν
1003 2772 1038 2837 ἐκ
1056 2781 1114 2856 τής

169 3007 186 3055 2
205 3001 393 3071 προκείμενον
411 2999 463 3052 AB
500 2999 701 3069 προςκείμενον
720 3016 743 3054 ο,
762 2998 866 3054 Reiske
902 3001 1113 3069 παρακείμενον

98 3071 226 3128 Sintenis
245 3071 307 3125 Em.
325 3069 406 3125 Dion.
422 3071 448 3124 H
463 3076 497 3125 14
557 3068 749 3126 θάπέλνσεΒ
782 3069 925 3124 ἀπέστειλε
940 3071 966 3123 R
1020 3074 1113 3142 7*τῷ

97 3143 198 3199 addidi
289 3137 428 3212 ΒέμολΒ
519 3148 552 3196 10
570 3141 780 3215 πυνθανομένῳ
803 3140 868 3195 add.
887 3140 910 3193 B
927 3143 931 3209 Ι
947 3141 997 3195 διδι
1013 3149 1114 3195 πιστοῦ

96 3211 283 3288 πεμφθέντος
305 3230 329 3267 ο.
352 3211 516 3268 dubitanter
537 3212 683 3282 Kiessling
769 3220 801 3268 12
821 3210 965 3267 ἀπέστειλε
984 3212 1007 3264 Β
1081 3215 1113 3262 13

98 3284 252 3358 σιτοφόρου
276 3301 300 3339 ο.
323 3283 462 3338 Bficheler
535 3291 567 3339 16
592 3285 705 3339 κολούιν
728 3285 774 3338 Ba
810 3283 938 3338 κολούειν
957 3282 1006 3334 Bb
1078 3283 1113 3328 20

70 3357 167 3429 .ίιπδρ
191 3358 288 3412 αὐτῶν
306 3355 332 3409 A
366 3353 438 3425 ὑπὲρ
461 3356 549 3410 αὐτοῦ
567 3356 590 3408 Β
614 3372 684 3411 corr.
703 3355 861 3425 Stephanus
885 3371 918 3407 ex
937 3351 987 3429 ΟΒ
1007 3352 1012 3415 Ι
1033 3343 1113 3417 ἐβού-

96 3435 157 3486 λετο
177 3429 235 3485 deL
255 3427 345 3482 Cobet
363 3425 429 3480 Obs.
447 3444 475 3496 p.
495 3431 529 3481 88
