<?xml version="1.0" encoding="UTF-8"?>
<!DOCTYPE html PUBLIC "-//W3C//DTD XHTML 1.0 Transitional//EN"
    "http://www.w3.org/TR/xhtml1/DTD/xhtml1-transitional.dtd">
<html xmlns="http://www.w3.org/1999/xhtml" xml:lang="en" lang="en">
 <head>
  <title>
</title>
<meta http-equiv="Content-Type" content="text/html;charset=utf-8" />
  <meta name='ocr-system' content='tesseract 3.04.00' />
  <meta name='ocr-capabilities' content='ocr_page ocr_carea ocr_par ocr_line ocrx_word'/>
</head>
<body>
  <div class='ocr_page' id='page_1' title='image "./dionysihalicarn02diongoog_0127.png"; bbox 0 0 2400 3848; ppageno 0'>
   <div class='ocr_carea' id='block_1_1' title="bbox 105 160 695 222">
    <p class='ocr_par' dir='ltr' id='par_1_1' title="bbox 105 160 695 222">
     <span class='ocr_line' id='line_1_1' title="bbox 105 160 695 222; baseline -0.002 0"><span class='ocrx_word' id='word_1_1' title='bbox 105 160 169 222; x_wconf 88' lang='grc'><strong><em>116</em></strong></span> <span class='ocrx_word' id='word_1_2' title='bbox 532 164 695 211; x_wconf 81' lang='grc' dir='ltr'><strong><em>-Δ-</em></strong></span> 
     </span>
    </p>
   </div>
   <div class='ocr_carea' id='block_1_2' title="bbox 66 317 1167 2001">
    <p class='ocr_par' dir='ltr' id='par_1_2' title="bbox 66 317 1167 2001">
     <span class='ocr_line' id='line_1_2' title="bbox 103 317 1125 406; baseline 0.001 -20"><span class='ocrx_word' id='word_1_3' title='bbox 103 322 244 386; x_wconf 90' lang='grc' dir='ltr'><strong><em>δύναται</em></strong></span> <span class='ocrx_word' id='word_1_4' title='bbox 270 319 407 405; x_wconf 78' lang='grc' dir='ltr'><em>πράξειν</em></span> <span class='ocrx_word' id='word_1_5' title='bbox 436 317 488 385; x_wconf 80' lang='grc' dir='ltr'><strong><em>ἐπὶ</em></strong></span> <span class='ocrx_word' id='word_1_6' title='bbox 513 321 691 386; x_wconf 76' lang='grc' dir='ltr'><strong><em>καταλύσει</em></strong></span> <span class='ocrx_word' id='word_1_7' title='bbox 712 329 771 405; x_wconf 78' lang='grc' dir='ltr'><strong><em>τῆς</em></strong></span> <span class='ocrx_word' id='word_1_8' title='bbox 798 324 994 406; x_wconf 76' lang='grc' dir='ltr'><strong><em>Ταρκυνίων</em></strong></span> <span class='ocrx_word' id='word_1_9' title='bbox 1016 322 1125 387; x_wconf 90' lang='grc' dir='ltr'><strong><em>δυνα-</em></strong></span> 
     </span>
     <span class='ocr_line' id='line_1_3' title="bbox 102 425 1125 512; baseline 0.002 -20"><span class='ocrx_word' id='word_1_10' title='bbox 102 430 226 511; x_wconf 88' lang='grc' dir='ltr'><strong><em>στείας,</em></strong></span> <span class='ocrx_word' id='word_1_11' title='bbox 253 425 307 492; x_wconf 82' lang='grc' dir='ltr'><strong><em>καλ</em></strong></span> <span class='ocrx_word' id='word_1_12' title='bbox 331 425 403 492; x_wconf 78' lang='grc' dir='ltr'><strong><em>οὔτ’</em></strong></span> <span class='ocrx_word' id='word_1_13' title='bbox 426 427 526 504; x_wconf 82' lang='grc' dir='ltr'><strong><em>αὐτὸς</em></strong></span> <span class='ocrx_word' id='word_1_14' title='bbox 549 428 832 512; x_wconf 78' lang='grc' dir='ltr'><strong><em>διαλλαγήσεσθαι</em></strong></span> <span class='ocrx_word' id='word_1_15' title='bbox 855 428 938 511; x_wconf 91' lang='grc' dir='ltr'><strong><em>πρὸς</em></strong></span> <span class='ocrx_word' id='word_1_16' title='bbox 960 430 1042 505; x_wconf 86' lang='grc' dir='ltr'><strong><em>τοὺς</em></strong></span> <span class='ocrx_word' id='word_1_17' title='bbox 1065 452 1125 494; x_wconf 84' lang='grc' dir='ltr'><strong><em>τυ·</em></strong></span> 
     </span>
     <span class='ocr_line' id='line_1_4' title="bbox 103 531 1122 619; baseline 0.003 -22"><span class='ocrx_word' id='word_1_18' title='bbox 103 534 248 618; x_wconf 87' lang='grc' dir='ltr'><strong><em>ροίννους</em></strong></span> <span class='ocrx_word' id='word_1_19' title='bbox 280 533 357 598; x_wconf 86' lang='grc' dir='ltr'><strong><em>ούτε</em></strong></span> <span class='ocrx_word' id='word_1_20' title='bbox 388 543 458 610; x_wconf 85' lang='grc' dir='ltr'><strong><em>τοῖς</em></strong></span> <span class='ocrx_word' id='word_1_21' title='bbox 490 533 779 618; x_wconf 79' lang='grc' dir='ltr'><strong><em>διαλλαττομένοις</em></strong></span> <span class='ocrx_word' id='word_1_22' title='bbox 807 532 1009 619; x_wconf 81' lang='grc' dir='ltr'><strong><em>ἐπιτρέψειν,</em></strong></span> <span class='ocrx_word' id='word_1_23' title='bbox 1045 531 1122 600; x_wconf 79' lang='grc' dir='ltr'><strong><em>ἀλλ’</em></strong></span> 
     </span>
     <span class='ocr_line' id='line_1_5' title="bbox 103 637 1167 726; baseline -0.003 -22"><span class='ocrx_word' id='word_1_24' title='bbox 103 640 227 724; x_wconf 85' lang='grc' dir='ltr'><strong><em>ἐχθρὸν</em></strong></span> <span class='ocrx_word' id='word_1_25' title='bbox 249 639 435 723; x_wconf 78' lang='grc' dir='ltr'><strong><em>ἡγήσεσθαι</em></strong></span> <span class='ocrx_word' id='word_1_26' title='bbox 458 641 517 705; x_wconf 87' lang='grc' dir='ltr'><strong><em>τὸν</em></strong></span> <span class='ocrx_word' id='word_1_27' title='bbox 535 641 579 725; x_wconf 85' lang='grc' dir='ltr'><strong><em>μή</em></strong></span> <span class='ocrx_word' id='word_1_28' title='bbox 598 640 702 705; x_wconf 81' lang='grc' dir='ltr'><strong><em>ταύτὰ</em></strong></span> <span class='ocrx_word' id='word_1_29' title='bbox 720 642 929 725; x_wconf 85' lang='grc' dir='ltr'><strong><em>βουλόμενον</em></strong></span> <span class='ocrx_word' id='word_1_30' title='bbox 946 637 1003 706; x_wconf 86' lang='grc' dir='ltr'><strong><em>καὶ</em></strong></span> <span class='ocrx_word' id='word_1_31' title='bbox 1021 640 1167 726; x_wconf 74' lang='grc' dir='ltr'><strong><em>μέχριὸιι</em></strong></span> 
     </span>
     <span class='ocr_line' id='line_1_6' title="bbox 75 744 1123 832; baseline 0.007 -27"><span class='ocrx_word' id='word_1_32' title='bbox 75 747 255 811; x_wconf 81' lang='grc' dir='ltr'><strong><em>οθανοίιου</em></strong></span> <span class='ocrx_word' id='word_1_33' title='bbox 277 754 316 831; x_wconf 80' lang='grc' dir='ltr'><strong><em>τή</em></strong></span> <span class='ocrx_word' id='word_1_34' title='bbox 340 747 516 830; x_wconf 76' lang='grc' dir='ltr'><strong><em>τυραννίδι</em></strong></span> <span class='ocrx_word' id='word_1_35' title='bbox 533 744 589 811; x_wconf 79' lang='grc' dir='ltr'><strong><em>καὶ</em></strong></span> <span class='ocrx_word' id='word_1_36' title='bbox 606 756 677 824; x_wconf 82' lang='grc' dir='ltr'><strong><em>τοῖς</em></strong></span> <span class='ocrx_word' id='word_1_37' title='bbox 695 744 1014 831; x_wconf 75' lang='grc' dir='ltr'><strong><em>συναγωνιζομένοις</em></strong></span> <span class='ocrx_word' id='word_1_38' title='bbox 1034 745 1123 832; x_wconf 76' lang='grc' dir='ltr'><strong><em>αὐτῇ</em></strong></span> 
     </span>
     <span class='ocr_line' id='line_1_7' title="bbox 103 848 1123 939; baseline 0.002 -23"><span class='ocrx_word' id='word_1_39' title='bbox 103 853 343 938; x_wconf 78' lang='grc' dir='ltr'><strong><em>διεχθρεύσειν.</em></strong></span> <span class='ocrx_word' id='word_1_40' title='bbox 389 855 421 919; x_wconf 89' lang='grc' dir='ltr'><strong><em>εί</em></strong></span> <span class='ocrx_word' id='word_1_41' title='bbox 456 848 492 917; x_wconf 73' lang='grc' dir='ltr'><strong><em>δέ</em></strong></span> <span class='ocrx_word' id='word_1_42' title='bbox 528 855 697 939; x_wconf 77' lang='grc' dir='ltr'><strong><em>παραβαίη</em></strong></span> <span class='ocrx_word' id='word_1_43' title='bbox 730 854 790 919; x_wconf 88' lang='grc' dir='ltr'><strong><em>τὸν</em></strong></span> <span class='ocrx_word' id='word_1_44' title='bbox 823 854 924 935; x_wconf 82' lang='grc' dir='ltr'><strong><em>ὅρκον</em></strong></span> <span class='ocrx_word' id='word_1_45' title='bbox 956 853 1123 937; x_wconf 82' lang='grc' dir='ltr'><strong><em>τοιαύτην</em></strong></span> 
     </span>
     <span class='ocr_line' id='line_1_8' title="bbox 103 956 1125 1046; baseline 0 -22"><span class='ocrx_word' id='word_1_46' title='bbox 103 956 191 1046; x_wconf 75' lang='grc' dir='ltr'><strong><em>αὑτῷ</em></strong></span> <span class='ocrx_word' id='word_1_47' title='bbox 224 960 381 1042; x_wconf 88' lang='grc' dir='ltr'><strong><em>τελευτήν</em></strong></span> <span class='ocrx_word' id='word_1_48' title='bbox 413 959 558 1042; x_wconf 85' lang='grc' dir='ltr'><strong><em>ήροίσατο</em></strong></span> <span class='ocrx_word' id='word_1_49' title='bbox 586 967 647 1024; x_wconf 88' lang='grc' dir='ltr'><strong><em>τοῦ</em></strong></span> <span class='ocrx_word' id='word_1_50' title='bbox 675 962 753 1042; x_wconf 83' lang='grc' dir='ltr'><strong><em>βίου</em></strong></span> <span class='ocrx_word' id='word_1_51' title='bbox 779 957 938 1042; x_wconf 88' lang='grc' dir='ltr'><strong><em>γενέσθαι</em></strong></span> <span class='ocrx_word' id='word_1_52' title='bbox 964 957 1020 1024; x_wconf 80' lang='grc' dir='ltr'><strong><em>καὶ</em></strong></span> <span class='ocrx_word' id='word_1_53' title='bbox 1049 970 1125 1038; x_wconf 80' lang='grc' dir='ltr'><strong><em>τοῖς</em></strong></span> 
     </span>
     <span class='ocr_line' id='line_1_9' title="bbox 103 1064 752 1150; baseline -0.002 -20"><span class='ocrx_word' id='word_1_54' title='bbox 103 1065 208 1131; x_wconf 85' lang='grc' dir='ltr'><strong><em>αὑτοῦ</em></strong></span> <span class='ocrx_word' id='word_1_55' title='bbox 230 1069 356 1149; x_wconf 88' lang='grc' dir='ltr'><strong><em>παισίν,</em></strong></span> <span class='ocrx_word' id='word_1_56' title='bbox 381 1066 453 1142; x_wconf 84' lang='grc' dir='ltr'><strong><em>οἵας</em></strong></span> <span class='ocrx_word' id='word_1_57' title='bbox 476 1068 590 1150; x_wconf 87' lang='grc' dir='ltr'><strong><em>ἐτυχεν</em></strong></span> <span class='ocrx_word' id='word_1_58' title='bbox 612 1064 633 1148; x_wconf 84' lang='grc' dir='ltr'><strong><em>ή</em></strong></span> <span class='ocrx_word' id='word_1_59' title='bbox 657 1068 752 1149; x_wconf 93' lang='grc' dir='ltr'><strong><em>γυνή.</em></strong></span> 
     </span>
     <span class='ocr_line' id='line_1_10' title="bbox 170 1167 1125 1249; baseline -0.001 -12"><span class='ocrx_word' id='word_1_60' title='bbox 170 1171 282 1238; x_wconf 86' lang='lat' dir='ltr'>LXXI.</span> <span class='ocrx_word' id='word_1_61' title='bbox 315 1167 414 1237; x_wconf 88' lang='grc' dir='ltr'><strong><em>Ταῦτ’</em></strong></span> <span class='ocrx_word' id='word_1_62' title='bbox 436 1173 539 1238; x_wconf 79' lang='grc' dir='ltr'><strong><em>εἰπὼν</em></strong></span> <span class='ocrx_word' id='word_1_63' title='bbox 562 1170 669 1237; x_wconf 82' lang='grc' dir='ltr'><strong><em>ἐκάλει</em></strong></span> <span class='ocrx_word' id='word_1_64' title='bbox 692 1168 748 1237; x_wconf 81' lang='grc' dir='ltr'><strong><em>καὶ</em></strong></span> <span class='ocrx_word' id='word_1_65' title='bbox 770 1173 849 1249; x_wconf 84' lang='grc' dir='ltr'><strong><em>τοὺς</em></strong></span> <span class='ocrx_word' id='word_1_66' title='bbox 871 1172 993 1249; x_wconf 78' lang='grc' dir='ltr'><strong><em>ἄλλους</em></strong></span> <span class='ocrx_word' id='word_1_67' title='bbox 1015 1171 1125 1237; x_wconf 73' lang='grc' dir='ltr'><strong><em>ἅπαν-</em></strong></span> 
     </span>
     <span class='ocr_line' id='line_1_11' title="bbox 66 1275 1125 1365; baseline 0.003 -24"><span class='ocrx_word' id='word_1_68' title='bbox 66 1298 92 1337; x_wconf 82' lang='lat'><strong><em>10</em></strong></span> <span class='ocrx_word' id='word_1_69' title='bbox 105 1299 163 1353; x_wconf 87' lang='grc' dir='ltr'><strong><em>τας</em></strong></span> <span class='ocrx_word' id='word_1_70' title='bbox 186 1276 239 1343; x_wconf 78' lang='grc' dir='ltr'><strong><em>ἐπὶ</em></strong></span> <span class='ocrx_word' id='word_1_71' title='bbox 257 1280 316 1344; x_wconf 90' lang='grc' dir='ltr'><strong><em>τὸν</em></strong></span> <span class='ocrx_word' id='word_1_72' title='bbox 335 1279 438 1345; x_wconf 86' lang='grc' dir='ltr'><strong><em>αὐτὸν</em></strong></span> <span class='ocrx_word' id='word_1_73' title='bbox 457 1279 572 1365; x_wconf 83' lang='grc' dir='ltr'><strong><em>ὅρκον·</em></strong></span> <span class='ocrx_word' id='word_1_74' title='bbox 605 1278 641 1344; x_wconf 88' lang='grc' dir='ltr'><strong><em>οί</em></strong></span> <span class='ocrx_word' id='word_1_75' title='bbox 657 1275 690 1344; x_wconf 86' lang='grc' dir='ltr'><strong><em>δ’</em></strong></span> <span class='ocrx_word' id='word_1_76' title='bbox 710 1275 811 1343; x_wconf 76' lang='grc' dir='ltr'><strong><em>οὐδέν</em></strong></span> <span class='ocrx_word' id='word_1_77' title='bbox 825 1281 873 1344; x_wconf 84' lang='grc' dir='ltr'><strong><em>ἔτι</em></strong></span> <span class='ocrx_word' id='word_1_78' title='bbox 887 1277 1125 1356; x_wconf 80' lang='grc' dir='ltr'><strong><em>ἐνδοιάσαντες</em></strong></span> 
     </span>
     <span class='ocr_line' id='line_1_12' title="bbox 104 1379 1123 1471; baseline 0.003 -23"><span class='ocrx_word' id='word_1_79' title='bbox 104 1383 281 1449; x_wconf 81' lang='grc' dir='ltr'><strong><em>ἀνίσταντο</em></strong></span> <span class='ocrx_word' id='word_1_80' title='bbox 296 1383 402 1450; x_wconf 82' lang='grc' dir='ltr'><strong><em>καὶτὸ</em></strong></span> <span class='ocrx_word' id='word_1_81' title='bbox 418 1385 515 1470; x_wconf 82' lang='grc' dir='ltr'><strong><em>ξίφος</em></strong></span> <span class='ocrx_word' id='word_1_82' title='bbox 530 1384 702 1470; x_wconf 85' lang='grc' dir='ltr'><strong><em>δεχόμενοι</em></strong></span> <span class='ocrx_word' id='word_1_83' title='bbox 716 1379 793 1471; x_wconf 89' lang='grc' dir='ltr'><strong><em>παρ’</em></strong></span> <span class='ocrx_word' id='word_1_84' title='bbox 807 1383 958 1468; x_wconf 80' lang='grc' dir='ltr'><strong><em>ἀλλήλων</em></strong></span> <span class='ocrx_word' id='word_1_85' title='bbox 973 1385 1123 1468; x_wconf 74' lang='grc' dir='ltr'><strong><em>ὤμνυον.</em></strong></span> 
     </span>
     <span class='ocr_line' id='line_1_13' title="bbox 104 1486 1123 1577; baseline 0.001 -22"><span class='ocrx_word' id='word_1_86' title='bbox 104 1487 295 1575; x_wconf 85' lang='grc' dir='ltr'><strong><em>γενομένων</em></strong></span> <span class='ocrx_word' id='word_1_87' title='bbox 319 1486 356 1556; x_wconf 76' lang='grc' dir='ltr'><strong><em>δὲ</em></strong></span> <span class='ocrx_word' id='word_1_88' title='bbox 379 1501 446 1557; x_wconf 93' lang='grc' dir='ltr'><strong><em>τῶν</em></strong></span> <span class='ocrx_word' id='word_1_89' title='bbox 470 1490 687 1577; x_wconf 83' lang='grc' dir='ltr'><strong><em>ὁρκωμοσιῶν</em></strong></span> <span class='ocrx_word' id='word_1_90' title='bbox 711 1491 791 1576; x_wconf 85' lang='grc' dir='ltr'><strong><em>μετδ</em></strong></span> <span class='ocrx_word' id='word_1_91' title='bbox 813 1488 903 1556; x_wconf 87' lang='grc' dir='ltr'><strong><em>τοῦτ’</em></strong></span> <span class='ocrx_word' id='word_1_92' title='bbox 926 1490 1032 1567; x_wconf 83' lang='grc' dir='ltr'><strong><em>εὐθὺς</em></strong></span> <span class='ocrx_word' id='word_1_93' title='bbox 1051 1490 1123 1575; x_wconf 78' lang='grc' dir='ltr'><strong><em>ἐζή-</em></strong></span> 
     </span>
     <span class='ocr_line' id='line_1_14' title="bbox 103 1594 1124 1683; baseline 0.003 -23"><span class='ocrx_word' id='word_1_94' title='bbox 103 1618 202 1679; x_wconf 88' lang='grc' dir='ltr'><strong><em>τουν,</em></strong></span> <span class='ocrx_word' id='word_1_95' title='bbox 234 1599 284 1674; x_wconf 90' lang='grc' dir='ltr'><strong><em>τίς</em></strong></span> <span class='ocrx_word' id='word_1_96' title='bbox 316 1596 334 1661; x_wconf 86' lang='grc' dir='ltr'>ὁ</span> <span class='ocrx_word' id='word_1_97' title='bbox 367 1605 426 1680; x_wconf 81' lang='grc' dir='ltr'><strong><em>τῆς</em></strong></span> <span class='ocrx_word' id='word_1_98' title='bbox 457 1596 688 1682; x_wconf 75' lang='grc' dir='ltr'><strong><em>ἐπιχειρήσεως</em></strong></span> <span class='ocrx_word' id='word_1_99' title='bbox 720 1600 811 1663; x_wconf 82' lang='grc' dir='ltr'><strong><em>ἔσται</em></strong></span> <span class='ocrx_word' id='word_1_100' title='bbox 842 1599 971 1683; x_wconf 84' lang='grc' dir='ltr'><strong><em>τρόπος.</em></strong></span> <span class='ocrx_word' id='word_1_101' title='bbox 1017 1594 1075 1662; x_wconf 80' lang='grc' dir='ltr'><strong><em>καὶ</em></strong></span> <span class='ocrx_word' id='word_1_102' title='bbox 1104 1597 1124 1663; x_wconf 88' lang='grc' dir='ltr'><strong><em>δ</em></strong></span> 
     </span>
     <span class='ocr_line' id='line_1_15' title="bbox 104 1698 1125 1788; baseline 0.001 -21"><span class='ocrx_word' id='word_1_103' title='bbox 104 1707 253 1788; x_wconf 86' lang='grc' dir='ltr'><strong><em>Βροῦτος</em></strong></span> <span class='ocrx_word' id='word_1_104' title='bbox 283 1703 398 1781; x_wconf 81' lang='grc' dir='ltr'><strong><em>αὐτοῖς</em></strong></span> <span class='ocrx_word' id='word_1_105' title='bbox 423 1703 619 1770; x_wconf 83' lang='grc' dir='ltr'><strong><em>ὑποτίθεται</em></strong></span> <span class='ocrx_word' id='word_1_106' title='bbox 648 1703 772 1768; x_wconf 83' lang='grc' dir='ltr'><strong><em>τοιοίδε·</em></strong></span> <span class='ocrx_word' id='word_1_107' title='bbox 810 1707 953 1786; x_wconf 90' lang='grc' dir='ltr'><strong><em>Πρῶτον</em></strong></span> <span class='ocrx_word' id='word_1_108' title='bbox 979 1698 1041 1786; x_wconf 73' lang='grc' dir='ltr'><strong><em>μὲν</em></strong></span> <span class='ocrx_word' id='word_1_109' title='bbox 1066 1702 1125 1768; x_wconf 82' lang='grc' dir='ltr'><strong><em>διὰ</em></strong></span> 
     </span>
     <span class='ocr_line' id='line_1_16' title="bbox 67 1806 1124 1895; baseline -0.001 -20"><span class='ocrx_word' id='word_1_110' title='bbox 67 1826 92 1868; x_wconf 77' lang='lat'><strong><em>1⁵</em></strong></span> <span class='ocrx_word' id='word_1_111' title='bbox 106 1815 257 1895; x_wconf 80' lang='grc' dir='ltr'><strong><em>φυλακῆς</em></strong></span> <span class='ocrx_word' id='word_1_112' title='bbox 275 1810 333 1885; x_wconf 81' lang='grc' dir='ltr'><strong><em>τὰς</em></strong></span> <span class='ocrx_word' id='word_1_113' title='bbox 351 1810 457 1886; x_wconf 87' lang='grc' dir='ltr'><strong><em>πύλας</em></strong></span> <span class='ocrx_word' id='word_1_114' title='bbox 477 1812 612 1894; x_wconf 82' lang='grc' dir='ltr'><strong><em>ἔχωμεν,</em></strong></span> <span class='ocrx_word' id='word_1_115' title='bbox 636 1808 692 1873; x_wconf 81' lang='grc' dir='ltr'><strong><em>ἴνα</em></strong></span> <span class='ocrx_word' id='word_1_116' title='bbox 711 1806 816 1894; x_wconf 77' lang='grc' dir='ltr'><strong><em>μηδὲν</em></strong></span> <span class='ocrx_word' id='word_1_117' title='bbox 835 1819 902 1873; x_wconf 93' lang='grc' dir='ltr'><strong><em>τῶν</em></strong></span> <span class='ocrx_word' id='word_1_118' title='bbox 921 1808 958 1875; x_wconf 91' lang='grc' dir='ltr'><strong><em>ἐν</em></strong></span> <span class='ocrx_word' id='word_1_119' title='bbox 971 1816 1011 1894; x_wconf 80' lang='grc' dir='ltr'><strong><em>πή</em></strong></span> <span class='ocrx_word' id='word_1_120' title='bbox 1025 1810 1124 1874; x_wconf 89' lang='grc' dir='ltr'><strong><em>πόλει</em></strong></span> 
     </span>
     <span class='ocr_line' id='line_1_17' title="bbox 105 1912 1124 2001; baseline 0.001 -21"><span class='ocrx_word' id='word_1_121' title='bbox 105 1912 294 1999; x_wconf 88' lang='grc' dir='ltr'><strong><em>λεγομένων</em></strong></span> <span class='ocrx_word' id='word_1_122' title='bbox 322 1938 356 1980; x_wconf 90' lang='grc' dir='ltr'><strong><em>τε</em></strong></span> <span class='ocrx_word' id='word_1_123' title='bbox 384 1912 440 1980; x_wconf 82' lang='grc' dir='ltr'><strong><em>καὶ</em></strong></span> <span class='ocrx_word' id='word_1_124' title='bbox 468 1912 705 2001; x_wconf 79' lang='grc' dir='ltr'><strong><em>πραττομένων</em></strong></span> <span class='ocrx_word' id='word_1_125' title='bbox 732 1915 814 1979; x_wconf 77' lang='grc' dir='ltr'><strong><em>κατὰ</em></strong></span> <span class='ocrx_word' id='word_1_126' title='bbox 840 1923 898 1998; x_wconf 84' lang='grc' dir='ltr'><strong><em>τής</em></strong></span> <span class='ocrx_word' id='word_1_127' title='bbox 919 1915 1124 1999; x_wconf 88' lang='grc' dir='ltr'><strong><em>τυραννίδος</em></strong></span> 
     </span>
    </p>
   </div>
   <div class='ocr_carea' id='block_1_3' title="bbox 64 2014 1167 2742">
    <p class='ocr_par' dir='ltr' id='par_1_3' title="bbox 64 2014 1167 2742">
     <span class='ocr_line' id='line_1_18' title="bbox 105 2014 1123 2107; baseline -0.003 -20"><span class='ocrx_word' id='word_1_128' title='bbox 105 2028 263 2104; x_wconf 85' lang='grc' dir='ltr'><strong><em>αίσθήται</em></strong></span> <span class='ocrx_word' id='word_1_129' title='bbox 296 2023 495 2106; x_wconf 88' lang='grc' dir='ltr'><strong><em>Ταρκύνιος,</em></strong></span> <span class='ocrx_word' id='word_1_130' title='bbox 528 2019 609 2107; x_wconf 82' lang='grc' dir='ltr'><strong><em>πρὶν</em></strong></span> <span class='ocrx_word' id='word_1_131' title='bbox 640 2019 661 2104; x_wconf 85' lang='grc' dir='ltr'><strong><em>ή</em></strong></span> <span class='ocrx_word' id='word_1_132' title='bbox 688 2021 729 2085; x_wconf 89' lang='grc' dir='ltr'><strong><em>τδι</em></strong></span> <span class='ocrx_word' id='word_1_133' title='bbox 756 2014 833 2106; x_wconf 88' lang='grc' dir='ltr'><strong><em>παρ’</em></strong></span> <span class='ocrx_word' id='word_1_134' title='bbox 858 2020 953 2105; x_wconf 86' lang='grc' dir='ltr'><strong><em>ήμῶν</em></strong></span> <span class='ocrx_word' id='word_1_135' title='bbox 980 2019 1123 2106; x_wconf 77' lang='grc' dir='ltr'><strong><em>εὐτρεπῆ</em></strong></span> 
     </span>
     <span class='ocr_line' id='line_1_19' title="bbox 70 2125 1125 2213; baseline -0.003 -20"><span class='ocrx_word' id='word_1_136' title='bbox 70 2125 274 2213; x_wconf 78' lang='grc' dir='ltr'><strong><em>2γενέσθαι.</em></strong></span> <span class='ocrx_word' id='word_1_137' title='bbox 321 2129 432 2192; x_wconf 74' lang='grc' dir='ltr'><strong><em>ἔπειτα</em></strong></span> <span class='ocrx_word' id='word_1_138' title='bbox 464 2131 660 2211; x_wconf 87' lang='grc' dir='ltr'><strong><em>κομίσαντες</em></strong></span> <span class='ocrx_word' id='word_1_139' title='bbox 690 2127 728 2191; x_wconf 90' lang='grc' dir='ltr'><strong><em>τὸ</em></strong></span> <span class='ocrx_word' id='word_1_140' title='bbox 758 2137 852 2211; x_wconf 84' lang='grc' dir='ltr'><strong><em>σῶμα</em></strong></span> <span class='ocrx_word' id='word_1_141' title='bbox 878 2134 937 2210; x_wconf 76' lang='grc' dir='ltr'><strong><em>τῆς</em></strong></span> <span class='ocrx_word' id='word_1_142' title='bbox 963 2127 1125 2208; x_wconf 91' lang='grc' dir='ltr'><strong><em>γυναικὸς</em></strong></span> 
     </span>
     <span class='ocr_line' id='line_1_20' title="bbox 105 2229 1123 2319; baseline -0.004 -19"><span class='ocrx_word' id='word_1_143' title='bbox 105 2236 150 2313; x_wconf 84' lang='grc' dir='ltr'><strong><em>ὡς</em></strong></span> <span class='ocrx_word' id='word_1_144' title='bbox 173 2238 264 2300; x_wconf 80' lang='grc' dir='ltr'><strong><em>ἐστιν</em></strong></span> <span class='ocrx_word' id='word_1_145' title='bbox 287 2233 399 2319; x_wconf 83' lang='grc' dir='ltr'><strong><em>αἵματι</em></strong></span> <span class='ocrx_word' id='word_1_146' title='bbox 422 2231 637 2319; x_wconf 81' lang='grc' dir='ltr'><strong><em>πεφυρμένον</em></strong></span> <span class='ocrx_word' id='word_1_147' title='bbox 661 2232 708 2308; x_wconf 86' lang='grc' dir='ltr'><strong><em>είς</em></strong></span> <span class='ocrx_word' id='word_1_148' title='bbox 729 2232 791 2315; x_wconf 83' lang='grc' dir='ltr'><strong><em>τήν</em></strong></span> <span class='ocrx_word' id='word_1_149' title='bbox 814 2231 941 2319; x_wconf 79' lang='grc' dir='ltr'><strong><em>ἀγορὰν</em></strong></span> <span class='ocrx_word' id='word_1_150' title='bbox 964 2229 1020 2296; x_wconf 86' lang='grc' dir='ltr'><strong><em>καὶ</em></strong></span> <span class='ocrx_word' id='word_1_151' title='bbox 1039 2253 1123 2316; x_wconf 89' lang='grc' dir='ltr'><strong><em>προ-</em></strong></span> 
     </span>
     <span class='ocr_line' id='line_1_21' title="bbox 64 2337 1122 2430; baseline -0.006 -22"><span class='ocrx_word' id='word_1_152' title='bbox 64 2360 91 2400; x_wconf 71' lang='lat'><strong><em>20</em></strong></span> <span class='ocrx_word' id='word_1_153' title='bbox 105 2340 222 2419; x_wconf 78' lang='grc' dir='ltr'><strong><em>θέντες</em></strong></span> <span class='ocrx_word' id='word_1_154' title='bbox 250 2340 286 2406; x_wconf 90' lang='grc' dir='ltr'><strong><em>έν</em></strong></span> <span class='ocrx_word' id='word_1_155' title='bbox 314 2341 449 2430; x_wconf 79' lang='grc' dir='ltr'><strong><em>φανερῷ</em></strong></span> <span class='ocrx_word' id='word_1_156' title='bbox 478 2344 695 2424; x_wconf 75' lang='grc' dir='ltr'><strong><em>συγκαλῶμεν</em></strong></span> <span class='ocrx_word' id='word_1_157' title='bbox 723 2338 783 2403; x_wconf 89' lang='grc' dir='ltr'><strong><em>τὸν</em></strong></span> <span class='ocrx_word' id='word_1_158' title='bbox 806 2338 914 2421; x_wconf 88' lang='grc' dir='ltr'><strong><em>δήμου</em></strong></span> <span class='ocrx_word' id='word_1_159' title='bbox 937 2338 984 2415; x_wconf 86' lang='grc' dir='ltr'><strong><em>είς</em></strong></span> <span class='ocrx_word' id='word_1_160' title='bbox 1007 2337 1122 2420; x_wconf 85' lang='grc' dir='ltr'><strong><em>ἐκκλή-</em></strong></span> 
     </span>
     <span class='ocr_line' id='line_1_22' title="bbox 106 2443 1167 2532; baseline -0.007 -19"><span class='ocrx_word' id='word_1_161' title='bbox 106 2451 192 2513; x_wconf 93' lang='grc' dir='ltr'><strong><em>σίαν.</em></strong></span> <span class='ocrx_word' id='word_1_162' title='bbox 229 2448 309 2512; x_wconf 79' lang='grc' dir='ltr'><strong><em>ὅταν</em></strong></span> <span class='ocrx_word' id='word_1_163' title='bbox 342 2443 379 2511; x_wconf 78' lang='grc' dir='ltr'><strong><em>δέ</em></strong></span> <span class='ocrx_word' id='word_1_164' title='bbox 412 2445 560 2532; x_wconf 78' lang='grc' dir='ltr'><strong><em>συνέλθῃ</em></strong></span> <span class='ocrx_word' id='word_1_165' title='bbox 593 2444 648 2510; x_wconf 83' lang='grc' dir='ltr'><strong><em>καὶ</em></strong></span> <span class='ocrx_word' id='word_1_166' title='bbox 676 2446 876 2527; x_wconf 79' lang='grc' dir='ltr'><strong><em>πλήθουσαν</em></strong></span> <span class='ocrx_word' id='word_1_167' title='bbox 905 2445 1031 2528; x_wconf 81' lang='grc' dir='ltr'><strong><em>ίδωμεν</em></strong></span> <span class='ocrx_word' id='word_1_168' title='bbox 1058 2446 1167 2529; x_wconf 74' lang='grc' dir='ltr'><strong><em>τήνει]</em></strong></span> 
     </span>
     <span class='ocr_line' id='line_1_23' title="bbox 106 2548 1120 2638; baseline 0.001 -23"><span class='ocrx_word' id='word_1_169' title='bbox 106 2551 242 2636; x_wconf 78' lang='grc' dir='ltr'><strong><em>ἀγοράν,</em></strong></span> <span class='ocrx_word' id='word_1_170' title='bbox 265 2553 442 2637; x_wconf 83' lang='grc' dir='ltr'><strong><em>προελθὼν</em></strong></span> <span class='ocrx_word' id='word_1_171' title='bbox 456 2553 663 2638; x_wconf 87' lang='grc' dir='ltr'><strong><em>Λουκρήτιός</em></strong></span> <span class='ocrx_word' id='word_1_172' title='bbox 685 2574 720 2616; x_wconf 91' lang='grc' dir='ltr'><strong><em>τε</em></strong></span> <span class='ocrx_word' id='word_1_173' title='bbox 743 2548 797 2615; x_wconf 81' lang='grc' dir='ltr'><strong><em>καὶ</em></strong></span> <span class='ocrx_word' id='word_1_174' title='bbox 811 2552 1020 2626; x_wconf 76' lang='grc' dir='ltr'><strong><em>Κολλατῖνος</em></strong></span> <span class='ocrx_word' id='word_1_175' title='bbox 1039 2550 1120 2616; x_wconf 77' lang='grc' dir='ltr'><strong><em>ἀπο-</em></strong></span> 
     </span>
     <span class='ocr_line' id='line_1_24' title="bbox 107 2655 1121 2742; baseline -0.002 -19"><span class='ocrx_word' id='word_1_176' title='bbox 107 2658 333 2741; x_wconf 82' lang='grc' dir='ltr'><strong><em>δυράσθωσαν</em></strong></span> <span class='ocrx_word' id='word_1_177' title='bbox 364 2658 423 2734; x_wconf 84' lang='grc' dir='ltr'><strong><em>τὰς</em></strong></span> <span class='ocrx_word' id='word_1_178' title='bbox 450 2655 577 2722; x_wconf 76' lang='grc' dir='ltr'><strong><em>ἑαυτῶν</em></strong></span> <span class='ocrx_word' id='word_1_179' title='bbox 603 2658 704 2742; x_wconf 88' lang='grc' dir='ltr'><strong><em>τύχας</em></strong></span> <span class='ocrx_word' id='word_1_180' title='bbox 732 2657 860 2721; x_wconf 77' lang='grc' dir='ltr'><strong><em>ἅπαντα</em></strong></span> <span class='ocrx_word' id='word_1_181' title='bbox 887 2656 928 2719; x_wconf 88' lang='grc' dir='ltr'><strong><em>τδι</em></strong></span> <span class='ocrx_word' id='word_1_182' title='bbox 955 2658 1121 2740; x_wconf 88' lang='grc' dir='ltr'><strong><em>γενόμενα</em></strong></span> 
     </span>
    </p>
   </div>
   <div class='ocr_carea' id='block_1_4' title="bbox 67 2761 1120 2953">
    <p class='ocr_par' dir='ltr' id='par_1_4' title="bbox 67 2761 1120 2953">
     <span class='ocr_line' id='line_1_25' title="bbox 72 2761 1120 2849; baseline -0.003 -19"><span class='ocrx_word' id='word_1_183' title='bbox 72 2763 303 2849; x_wconf 84' lang='grc' dir='ltr'><strong><em>3φρύσαντες.</em></strong></span> <span class='ocrx_word' id='word_1_184' title='bbox 340 2765 450 2827; x_wconf 86' lang='grc' dir='ltr'><strong><em>ἔπειτα</em></strong></span> <span class='ocrx_word' id='word_1_185' title='bbox 477 2773 545 2827; x_wconf 85' lang='grc' dir='ltr'><strong><em>τῶν</em></strong></span> <span class='ocrx_word' id='word_1_186' title='bbox 573 2763 683 2828; x_wconf 77' lang='grc' dir='ltr'><strong><em>ἄλλων</em></strong></span> <span class='ocrx_word' id='word_1_187' title='bbox 711 2761 847 2839; x_wconf 78' lang='grc' dir='ltr'><strong><em>ἕκαστος</em></strong></span> <span class='ocrx_word' id='word_1_188' title='bbox 869 2761 1000 2847; x_wconf 83' lang='grc' dir='ltr'><strong><em>παριὼν</em></strong></span> <span class='ocrx_word' id='word_1_189' title='bbox 1023 2785 1120 2847; x_wconf 86' lang='grc' dir='ltr'><strong><em>κατή-</em></strong></span> 
     </span>
     <span class='ocr_line' id='line_1_26' title="bbox 67 2866 1120 2953; baseline 0.008 -26"><span class='ocrx_word' id='word_1_190' title='bbox 67 2886 93 2928; x_wconf 81' lang='lat'><strong><em>25</em></strong></span> <span class='ocrx_word' id='word_1_191' title='bbox 106 2871 246 2952; x_wconf 90' lang='grc' dir='ltr'><strong><em>γορείτω</em></strong></span> <span class='ocrx_word' id='word_1_192' title='bbox 264 2878 322 2951; x_wconf 86' lang='grc' dir='ltr'><strong><em>τής</em></strong></span> <span class='ocrx_word' id='word_1_193' title='bbox 339 2869 540 2953; x_wconf 86' lang='grc' dir='ltr'><strong><em>τυραννίδος</em></strong></span> <span class='ocrx_word' id='word_1_194' title='bbox 557 2866 612 2933; x_wconf 84' lang='grc' dir='ltr'><strong><em>καὶ</em></strong></span> <span class='ocrx_word' id='word_1_195' title='bbox 630 2871 709 2946; x_wconf 88' lang='grc' dir='ltr'><strong><em>τοὺς</em></strong></span> <span class='ocrx_word' id='word_1_196' title='bbox 726 2872 863 2944; x_wconf 89' lang='grc' dir='ltr'><strong><em>πολίτας</em></strong></span> <span class='ocrx_word' id='word_1_197' title='bbox 881 2866 934 2933; x_wconf 79' lang='grc' dir='ltr'><strong><em>ἐπὶ</em></strong></span> <span class='ocrx_word' id='word_1_198' title='bbox 951 2869 1014 2952; x_wconf 89' lang='grc' dir='ltr'><strong><em>τήν</em></strong></span> <span class='ocrx_word' id='word_1_199' title='bbox 1032 2868 1120 2935; x_wconf 84' lang='grc' dir='ltr'><strong><em>ἐλεν·</em></strong></span> 
     </span>
    </p>
   </div>
   <div class='ocr_carea' id='block_1_5' title="bbox 109 3054 1122 3487">
    <p class='ocr_par' dir='ltr' id='par_1_5' title="bbox 109 3054 1122 3467">
     <span class='ocr_line' id='line_1_27' title="bbox 180 3054 1121 3183; baseline 0.001 -70"><span class='ocrx_word' id='word_1_200' title='bbox 180 3066 197 3113; x_wconf 85' lang='grc'>4</span> <span class='ocrx_word' id='word_1_201' title='bbox 216 3054 321 3129; x_wconf 84' lang='grc' dir='ltr'><strong><em>ἐχθρὸν</em></strong></span> <span class='ocrx_word' id='word_1_202' title='bbox 340 3058 497 3129; x_wconf 78' lang='grc' dir='ltr'><strong><em>ἡγήσεσθαι</em></strong></span> <span class='ocrx_word' id='word_1_203' title='bbox 515 3058 564 3113; x_wconf 85' lang='grc' dir='ltr'><strong><em>τὸν</em></strong></span> <span class='ocrx_word' id='word_1_204' title='bbox 579 3059 620 3183; x_wconf 59' lang='grc' dir='ltr'><strong><em>ἑιή</em></strong></span> <span class='ocrx_word' id='word_1_205' title='bbox 634 3057 723 3112; x_wconf 79' lang='grc' dir='ltr'><strong><em>ταύτὰ</em></strong></span> <span class='ocrx_word' id='word_1_206' title='bbox 737 3058 906 3130; x_wconf 84' lang='grc' dir='ltr'><strong><em>βουλόμενον</em></strong></span> <span class='ocrx_word' id='word_1_207' title='bbox 921 3058 975 3114; x_wconf 82' lang='lat' dir='ltr'>del.</span> <span class='ocrx_word' id='word_1_208' title='bbox 992 3059 1121 3114; x_wconf 81' lang='lat' dir='ltr'>Schnelle</span> 
     </span>
     <span class='ocr_line' id='line_1_28' title="bbox 109 3129 1122 3203; baseline 0 -18"><span class='ocrx_word' id='word_1_209' title='bbox 109 3131 207 3186; x_wconf 81' lang='lat' dir='ltr'><strong>Exere.</strong></span> <span class='ocrx_word' id='word_1_210' title='bbox 226 3149 251 3199; x_wconf 88' lang='lat' dir='ltr'><strong><em>p.</em></strong></span> <span class='ocrx_word' id='word_1_211' title='bbox 270 3137 303 3186; x_wconf 84' lang='grc'><strong><em>16</em></strong></span> <span class='ocrx_word' id='word_1_212' title='bbox 320 3135 323 3196; x_wconf 90' lang='grc' dir='ltr'>Ι</span> <span class='ocrx_word' id='word_1_213' title='bbox 339 3139 428 3184; x_wconf 80' lang='grc' dir='ltr'><strong><em>ταῦτα</em></strong></span> <span class='ocrx_word' id='word_1_214' title='bbox 447 3130 470 3184; x_wconf 87' lang='grc' dir='ltr'><strong>Ο</strong></span> <span class='ocrx_word' id='word_1_215' title='bbox 490 3146 558 3186; x_wconf 85' lang='lat' dir='ltr'><strong>corr.</strong></span> <span class='ocrx_word' id='word_1_216' title='bbox 597 3129 700 3198; x_wconf 83' lang='lat' dir='ltr'>ylburg</span> <span class='ocrx_word' id='word_1_217' title='bbox 763 3131 873 3203; x_wconf 77' lang='grc' dir='ltr'><strong><em>ἰἀύτῶ</em></strong></span> <span class='ocrx_word' id='word_1_218' title='bbox 892 3129 944 3183; x_wconf 83' lang='grc' dir='ltr'><strong><em>ΑΒ</em></strong></span> <span class='ocrx_word' id='word_1_219' title='bbox 999 3135 1122 3185; x_wconf 85' lang='grc' dir='ltr'><strong><em>8πῶσιν</em></strong></span> 
     </span>
     <span class='ocr_line' id='line_1_29' title="bbox 110 3187 1121 3275; baseline -0.002 -19"><span class='ocrx_word' id='word_1_220' title='bbox 110 3220 133 3258; x_wconf 78' lang='lat'><strong><em>0.</em></strong></span> <span class='ocrx_word' id='word_1_221' title='bbox 152 3201 256 3257; x_wconf 81' lang='lat' dir='ltr'>Reiske</span> <span class='ocrx_word' id='word_1_222' title='bbox 272 3204 277 3271; x_wconf 78' lang='grc' dir='ltr'>ι</span> <span class='ocrx_word' id='word_1_223' title='bbox 294 3203 375 3256; x_wconf 64' lang='grc' dir='ltr'><strong><em>απτ</em></strong></span> <span class='ocrx_word' id='word_1_224' title='bbox 393 3201 415 3253; x_wconf 85' lang='grc' dir='ltr'><strong>Β</strong></span> <span class='ocrx_word' id='word_1_225' title='bbox 472 3205 504 3255; x_wconf 88' lang='lat'><strong><em>10</em></strong></span> <span class='ocrx_word' id='word_1_226' title='bbox 523 3187 803 3275; x_wconf 70' lang='grc' dir='ltr'><strong><em>ἐιο&lt;οι)λσαπιςο</em></strong></span> <span class='ocrx_word' id='word_1_227' title='bbox 860 3207 891 3255; x_wconf 82' lang='lat'><strong><em>12</em></strong></span> <span class='ocrx_word' id='word_1_228' title='bbox 912 3202 1000 3263; x_wconf 68' lang='grc' dir='ltr'><strong><em>ποις</em></strong></span> <span class='ocrx_word' id='word_1_229' title='bbox 1019 3200 1083 3256; x_wconf 71' lang='grc' dir='ltr'><strong><em>τοι.</em></strong></span> <span class='ocrx_word' id='word_1_230' title='bbox 1098 3201 1121 3254; x_wconf 85' lang='grc' dir='ltr'>Β</span> 
     </span>
     <span class='ocr_line' id='line_1_30' title="bbox 112 3270 1122 3396; baseline -0.001 -68"><span class='ocrx_word' id='word_1_231' title='bbox 112 3280 144 3328; x_wconf 78' lang='lat'><strong><em>12</em></strong></span> <span class='ocrx_word' id='word_1_232' title='bbox 164 3276 204 3337; x_wconf 82' lang='grc' dir='ltr'><strong><em>τίς</em></strong></span> <span class='ocrx_word' id='word_1_233' title='bbox 222 3274 318 3335; x_wconf 72' lang='grc' dir='ltr'><strong><em>αὐτοῖς</em></strong></span> <span class='ocrx_word' id='word_1_234' title='bbox 337 3272 358 3327; x_wconf 93' lang='lat'>0</span> <span class='ocrx_word' id='word_1_235' title='bbox 377 3274 490 3340; x_wconf 79' lang='lat' dir='ltr'>praeter</span> <span class='ocrx_word' id='word_1_236' title='bbox 508 3271 530 3323; x_wconf 95' lang='grc' dir='ltr'><strong>Β</strong></span> <span class='ocrx_word' id='word_1_237' title='bbox 547 3271 583 3340; x_wconf 82' lang='grc' dir='ltr'><strong><em>Ιὸ</em></strong></span> <span class='ocrx_word' id='word_1_238' title='bbox 603 3270 698 3326; x_wconf 89' lang='lat' dir='ltr'><strong>om.B</strong></span> <span class='ocrx_word' id='word_1_239' title='bbox 754 3276 786 3325; x_wconf 77' lang='lat'><strong><em>17</em></strong></span> <span class='ocrx_word' id='word_1_240' title='bbox 805 3273 883 3342; x_wconf 76' lang='grc' dir='ltr'><strong><em>ὑμῶν</em></strong></span> <span class='ocrx_word' id='word_1_241' title='bbox 901 3272 924 3325; x_wconf 91' lang='grc' dir='ltr'><strong>Β</strong></span> <span class='ocrx_word' id='word_1_242' title='bbox 940 3274 945 3341; x_wconf 84' lang='grc' dir='ltr'>Ι</span> <span class='ocrx_word' id='word_1_243' title='bbox 961 3271 1122 3396; x_wconf 55' lang='grc' dir='ltr'><strong><em>εύτρεπῳ</em></strong></span> 
     </span>
     <span class='ocr_line' id='line_1_31' title="bbox 110 3341 1122 3467; baseline -0.004 -67"><span class='ocrx_word' id='word_1_244' title='bbox 110 3345 142 3467; x_wconf 41' lang='grc' dir='ltr'><strong><em>ξ,</em></strong></span> <span class='ocrx_word' id='word_1_245' title='bbox 206 3350 239 3399; x_wconf 80' lang='lat'><strong><em>22</em></strong></span> <span class='ocrx_word' id='word_1_246' title='bbox 258 3345 422 3413; x_wconf 84' lang='grc' dir='ltr'><strong><em>Λουκρίτιος</em></strong></span> <span class='ocrx_word' id='word_1_247' title='bbox 444 3345 473 3397; x_wconf 76' lang='lat' dir='ltr'><strong><em>et</em></strong></span> <span class='ocrx_word' id='word_1_248' title='bbox 497 3341 537 3396; x_wconf 75' lang='lat' dir='ltr'><strong><em>sic</em></strong></span> <span class='ocrx_word' id='word_1_249' title='bbox 560 3358 669 3411; x_wconf 80' lang='lat' dir='ltr'><strong>semper</strong></span> <span class='ocrx_word' id='word_1_250' title='bbox 685 3341 734 3397; x_wconf 91' lang='lat' dir='ltr'><strong><em>Bb</em></strong></span> <span class='ocrx_word' id='word_1_251' title='bbox 753 3344 758 3413; x_wconf 90' lang='grc' dir='ltr'>Ι</span> <span class='ocrx_word' id='word_1_252' title='bbox 778 3344 930 3412; x_wconf 81' lang='grc' dir='ltr'><strong><em>παρελθὼν</em></strong></span> <span class='ocrx_word' id='word_1_253' title='bbox 953 3359 975 3400; x_wconf 87' lang='grc' dir='ltr'><strong><em>ο.</em></strong></span> <span class='ocrx_word' id='word_1_254' title='bbox 1000 3343 1080 3398; x_wconf 79' lang='grc' dir='ltr'><strong><em>Ριοοδ</em></strong></span> <span class='ocrx_word' id='word_1_255' title='bbox 1093 3361 1122 3399; x_wconf 84' lang='lat' dir='ltr'><strong><em>er</em></strong></span> 
     </span>
    </p>

    <p class='ocr_par' dir='ltr' id='par_1_6' title="bbox 134 3422 296 3487">
     <span class='ocr_line' id='line_1_32' title="bbox 134 3422 296 3487; baseline 0.019 -19"><span class='ocrx_word' id='word_1_256' title='bbox 134 3433 201 3472; x_wconf 77' lang='grc' dir='ltr'><strong><em>ιεοο.</em></strong></span> <span class='ocrx_word' id='word_1_257' title='bbox 220 3435 246 3487; x_wconf 91' lang='lat' dir='ltr'><strong><em>p.</em></strong></span> <span class='ocrx_word' id='word_1_258' title='bbox 262 3422 296 3471; x_wconf 89' lang='grc'><strong><em>36</em></strong></span> 
     </span>
    </p>
   </div>
   <div class='ocr_carea' id='block_1_6' title="bbox 0 0 1204 3848">
    <p class='ocr_par' dir='ltr' id='par_1_7' title="bbox 0 0 1204 3848">
     <span class='ocr_line' id='line_1_33' title="bbox 0 0 1204 3848; baseline 0 0"><span class='ocrx_word' id='word_1_259' title='bbox 0 0 1204 3848; x_wconf 95' lang='lat' dir='ltr'><strong><em> </em></strong></span> 
     </span>
    </p>
   </div>
  </div>
 </body>
</html>
