2414 3840
97 173 164 238 250
525 177 689 226 -Ε-

97 337 181 401 ἀλλά
199 337 258 401 τὸν
277 334 404 417 ἕτερον·
431 333 487 401 καὶ
501 334 702 418 κατέτριψαν
716 336 799 419 ὅλην
812 335 876 420 τὴν
888 334 1021 420 ἡμέραν
1035 336 1109 403 ἐκεί-

97 467 161 527 νην
192 443 251 519 τάς
283 443 437 526 ἀλλήλων
469 442 586 528 ἀρετάς
618 441 898 529 ἐξαριθμούμενοι
931 440 989 508 καὶ
1021 447 1109 509 λιπα-

98 558 236 634 ροῦντες
262 548 307 631 μὴ
336 551 451 632 λαβεῖν
479 546 575 614 αὐτοὶ
602 547 666 632 τὴν
689 547 809 634 ἀρχήν,
837 549 922 614 ὥστε
947 548 985 614 έν
1008 554 1107 635 πολλῇ

97 653 256 737 γενέσθαι
288 656 367 730 τοὺς
399 655 436 720 έν
467 662 513 742 τῷ
547 655 712 741 συνεδρίῳ
741 655 909 740 παρόντας
938 653 1107 742 ἀμηχανίη.

62 742 83 856 3⁶
98 761 316 842 διαλυθείσης
340 755 376 825 δὲ
399 770 457 845 τῆς
479 764 602 845 βουλῆς
621 759 657 824 ολ
672 761 897 844 προσήκοντες
914 762 1000 827 κατὰ
1018 761 1109 845 γένος

98 864 256 954 ἑκατέρφ,
287 864 342 931 καλ
374 877 442 932 τῶν
474 868 585 932 ἀλλων
616 869 808 951 βουλευτῶν
840 867 877 932 oc
905 865 1108 952 ἐντιμότατοι

96 973 180 1058 πρὸς
206 973 265 1038 τὸν
289 973 439 1059 Λάρκιον
467 973 665 1057 ἀφικόμενοι
691 974 816 1050 πολλάς
843 972 1025 1039 ἐποιοῦντο
1054 982 1108 1040 τοῦ

97 1079 221 1165 ἀνδρὸς
248 1081 325 1164 άχρι
352 1083 476 1162 πολλῆς
503 1079 623 1155 νυκτὸς
652 1080 781 1164 δεήσεις
809 1077 1043 1163 διδάσκοντες,
1070 1080 1110 1156 ὡς

98 1185 134 1251 ἐν
162 1185 277 1272 έκείνφ
305 1187 363 1262 τάς
391 1185 526 1261 ἐλπίδας
553 1185 574 1269 ἡ
602 1185 708 1269 βουλὴ
736 1183 883 1251 τέθειται
905 1187 1031 1270 πάσας,
1060 1183 1109 1251 καλ

59 1312 84 1352 ιο
98 1293 135 1355 τὸ
159 1291 394 1355 ἀσπούδαστον
418 1291 522 1356 αὐτοῦ
544 1289 620 1377 περλ
642 1292 705 1375 τὴν
728 1292 833 1378 ἀρχὴν
855 1294 1009 1376 πονηρὸν
1029 1287 1109 1358 εἶναι

97 1405 143 1484 τῷ
176 1405 278 1484 κοινςδ
312 1396 473 1479 λέγοντες.
520 1397 538 1463 ό
572 1396 602 1462 δ’
629 1393 673 1482 ἦν
705 1397 823 1482 ἀτενὴς
853 1396 909 1464 καλ
940 1401 1049 1465 πολλὰ
1076 1398 1109 1464 έν

97 1501 190 1589 μέρει
214 1504 370 1587 δεόμενός
391 1527 426 1568 τε
449 1502 505 1569 καὶ
523 1503 711 1587 ἀντιβολῶν
729 1503 870 1570 ἕκαστον
889 1504 1039 1571 διετέλει.
1073 1512 1108 1589 τῇ

98 1604 128 1674 δ’
147 1608 219 1693 ἑξῆς
236 1608 342 1696 ἡμέρα
360 1610 461 1675 πάλιν
474 1619 535 1676 τοῦ
549 1612 730 1696 συνεδρίου
744 1610 985 1696 συναχθέντος,
1000 1611 1108 1694 ἐπειδὴ

97 1714 152 1782 καὶ
183 1719 257 1782 τότε
285 1716 457 1801 διεμάχετο
484 1713 540 1781 καλ
567 1719 767 1801 πειθόμενος
794 1716 859 1782 ὑπὸ
886 1718 1026 1784 πάντων
1052 1717 1160 1784 ούκιοιι

59 1843 84 1883 15
99 1824 261 1907 ἀφίστατο
283 1832 342 1906 τῆς
364 1824 509 1908 γνώμης,
533 1822 676 1916 ἀναστάς
700 1823 890 1900 ὁΚλοίλιος
913 1823 1109 1911 ἀναγορεύει

97 1926 128 1995 τ’
156 1930 271 2012 αὐτόν,
294 1930 403 2012 ὥσπερ
427 1931 593 1994 εἰώθεσαν
613 1941 723 1995 ποιεῖν
742 1930 777 1994 οί
792 1933 1036 2015 μεσοβασιλεῖς,
1058 1927 1110 1997 καλ

96 2037 158 2119 τὴν
181 2036 341 2100 ὑπατείαν
364 2035 463 2111 αὐτὸς
486 2033 670 2120 ἐξόμνυται.

164 2142 314 2208 LXXIII.
347 2137 455 2218 Οὗτος
487 2153 617 2227 πρῶτος
644 2142 681 2208 έν
704 2138 812 2228 Ῥώμη
840 2145 1010 2228 μόναρχος
1038 2144 1110 2211 ἀπε-

100 2252 218 2335 δείχθη
250 2247 398 2333 πολέμου
429 2271 464 2313 τε
496 2247 552 2314 καλ
585 2251 719 2335 είρηνης
754 2246 809 2314 καλ
844 2250 970 2325 παντὸς
1010 2252 1111 2317 ἀλλον

59 2375 85 2416 ιο
99 2356 290 2442 πράγματος
304 2355 526 2440 αὐτοκράτωρ.
563 2356 669 2439 όνομα
684 2351 715 2420 δ’
733 2354 821 2442 αὐτῷ
836 2356 990 2421 τίθενται
1005 2356 1112 2422 δικτά-

97 2486 194 2545 τορα,
225 2468 289 2527 είτε
313 2462 368 2527 διά
391 2462 453 2544 τὴν
476 2459 631 2538 ἐξουσίαν
653 2469 715 2526 τοῦ
736 2461 900 2544 κελεύειν,
930 2461 982 2527 ὅτι
1006 2463 1110 2546 θέλοι,

98 2567 152 2635 καὶ
175 2568 304 2633 τάττειν
326 2570 367 2634 τά
391 2567 502 2633 δίκαιά
524 2591 560 2632 τε
582 2564 637 2631 καὶ
659 2568 700 2632 τά
721 2568 805 2632 καλά
827 2577 897 2644 τοῖς
920 2569 1049 2653 ἀλλοις,
1072 2570 1112 2646 ὡς

99 2674 141 2739 ἀν
164 2675 253 2761 αὐτῷ
278 2675 374 2760 δοκῇ·
406 2674 446 2738 τδι
469 2674 532 2758 γὰρ
556 2672 756 2756 ἐπιτάγματα
774 2670 830 2737 καὶ
848 2673 906 2750 τάς
925 2674 1112 2760 διαγραφὰς

98 2790 166 2845 τῶν
190 2780 330 2844 δικαίων
351 2802 387 2844 τε
409 2777 465 2845 κα1
489 2778 615 2844 ἀδίκων
633 2779 750 2862 ἠδίκτα
770 2779 805 2845 οί
820 2775 977 2863 Ῥωμαῖοι
994 2786 1111 2847 καλοῦ-

60 2886 92 2945 ιε’
100 2903 168 2951 σιν·
202 2890 266 2949 εῖτε
295 2886 339 2961 ὥς
366 2907 454 2961 τινες
476 2885 645 2970 γράφουσι
669 2886 725 2951 διὰ
747 2885 808 2968 την
831 2887 905 2950 τότε
927 2887 1111 2972 γενομένην

100 2990 295 3076 ἀνάρρησιν,
321 2990 433 3075 ἐπειδὴ
457 2991 499 3056 ού
521 2993 610 3074 παρὰ
631 3000 693 3057 τοῦ
717 2992 826 3076 δημου
849 2992 911 3075 την
934 2992 1044 3077 ἀρχὴν
1062 2992 1111 3058 εύ-

100 3102 240 3185 ρόμενος
266 3097 349 3161 κατὰ
374 3098 454 3172 τοὺς
480 3100 640 3182 πατρίους
667 3096 828 3182 ἐθισμοὺς
855 3095 942 3176 ἕξειν
967 3101 1109 3182 ἔμελλεν,

171 3288 316 3361 ’ῖπρδςΟ
354 3289 390 3352 ὡς
409 3305 431 3343 υ.
450 3286 594 3358 Kiessling
656 3294 792 3358 ὃπολλῆς
812 3289 919 3344 add.B
980 3295 1014 3344 21
1034 3288 1109 3345 θέλει

99 3381 122 3419 ο.
142 3363 280 3417 Bt'ioheler
361 3367 395 3416 22
419 3360 468 3415 καλ
491 3359 661 3430 διαγράφειν
684 3361 720 3416 τά
738 3359 837 3415 δίκαιά
854 3380 884 3415 τε
903 3359 954 3415 καὶ
971 3358 1007 3415 τδι
1026 3360 1108 3416 ἄδικα

99 3441 158 3497 τοῖς
176 3434 269 3498 ἀλλοις
287 3449 310 3489 c.
331 3432 461 3488 Schnelle
479 3432 576 3487 Exere.
595 3450 621 3501 p.
642 3439 657 3486 9
