2414 3840
524 171 686 224 -ἳ-
1050 169 1115 234 393

101 332 186 417 πρὸς
204 331 419 417 ὀλοφυρμοὺς
437 330 593 417 ἐτράπετο
613 330 668 398 καί
685 333 744 415 τὰς
759 333 944 416 μελλούσας
961 330 1115 411 καθέξειν

103 438 279 523 συμφοράς
305 438 384 515 τούς
410 461 445 503 τε
472 436 700 523 ὑπομένοντας
723 439 759 504 ἐν
782 447 821 524 τῇ
844 441 937 504 πόλει
960 435 1117 516 καὶτοὺς

51 564 63 587 ·
102 543 393 629 ἀπελαυνομένους
424 543 479 610 καί
511 547 569 622 τὰς
597 545 723 630 ἀμφοῖν
752 543 976 611 ἀνεκλαύσατο
1004 545 1116 628 τύχας,

104 650 232 736 δάκρυά
258 645 294 715 δ’
322 650 478 716 ἁπάντων
506 651 645 736 ἐξεχεῖτο
672 649 729 716 καὶ
753 658 812 738 μιᾷ
835 653 898 735 βοή
922 654 1116 737 συμφρονή-

104 774 222 834 σαντες
245 757 432 840 ἀνεβόησαν
456 755 594 840 ἀπάγειν
618 765 706 842 σφᾶς
729 759 776 834 είς
797 758 859 841 τήν
879 759 978 822 πόλιν
997 755 1052 827 καλ
1071 759 1142 842 μήε

103 866 231 950 τρίβειν
255 865 316 928 τὸν
338 866 474 949 χρόνον·
512 864 628 946 ὀλίγου
651 886 685 927 τε
708 863 798 927 πάνυ
821 862 962 946 ἐδέησαν
984 862 1117 930 ἀπιέναι

104 971 160 1035 διά
182 970 303 1053 τάχους
325 969 362 1035 ἐκ
383 979 441 1053 τῆς
460 969 633 1053 ἐκκλησίας
651 969 779 1035 ἅπαντα
797 971 837 1035 τά
855 970 1029 1056 πράγματα
1047 981 1117 1049 τοῖς

103 1079 321 1162 πρεσβευταῖς
357 1074 588 1160 ἐπιτρέψαντες
624 1073 679 1140 καὶ
715 1074 821 1160 μηδὲν
857 1077 939 1143 άλλο
971 1088 1038 1143 τῶν
1071 1080 1118 1155 είς

42 1182 291 1267 ,εΗ-ἀσφάλειαν
309 1182 649 1266 πραγματευσάμενοι,
668 1183 700 1247 εί
716 1183 760 1267 μή
779 1184 958 1268 παρελθὼν
977 1183 1117 1270 ὁΒροῦ-

103 1311 161 1365 τος
183 1287 298 1373 ἐπέσχε
319 1289 378 1364 τὰς
401 1287 505 1372 ὁρμάς
528 1288 639 1354 αὐτῶν
661 1289 701 1353 τὰ
722 1285 783 1372 μέν
801 1290 885 1353 ἀλλα
902 1293 1011 1365 καλῶς
1029 1291 1116 1374 ἔχειν
1130 1314 1156 1354 10

104 1403 149 1482 τῷ
174 1396 267 1481 δήμφ
290 1393 408 1478 λέγων,
431 1394 494 1459 ὅσα
516 1395 537 1477 ή
561 1396 666 1479 βουλὴ
691 1395 893 1479 ὑπισχνεῖτο,
916 1393 971 1460 καὶ
989 1398 1117 1480 πολλήν

105 1501 189 1586 αὐτή
216 1511 283 1565 τῶν
311 1499 599 1587 συγχωρηθέντων
626 1501 724 1587 χάριν
750 1503 838 1586 ἐχειν
861 1500 975 1583 ἀξιῶν·
1009 1504 1117 1568 δεδοι-

103 1605 198 1673 κέναι
229 1605 344 1691 μέντοι
375 1609 435 1673 τὸν
467 1608 596 1672 ἅπαντα
627 1610 752 1691 χρόνον
784 1607 922 1693 φάσκων
954 1605 1009 1671 καὶ
1038 1613 1117 1686 τοὺς

105 1709 206 1790 αὖθίς
219 1734 298 1779 ποτε
311 1716 533 1799 τυραννικοὺς
547 1715 673 1799 ἀνδρας
686 1713 954 1799 ἐπιχειρήσοντας
967 1715 1000 1778 εί
1010 1715 1116 1799 τύχοι,

104 1816 181 1903 περὶ
207 1830 275 1885 τῶν
301 1822 491 1903 γεγονότων
517 1828 563 1908 τῷ
593 1821 686 1906 δήμφ
710 1830 933 1903 μνησικακεῖν.
978 1823 1058 1904 μίαν
1082 1805 1157 1919 δ’125

105 1921 192 1991 εἶναι
210 1935 291 1991 πάσι
309 1937 379 2002 τοῖς
398 1928 566 1992 δεδοικόσι
584 1928 663 2002 τούς
680 1929 870 2012 κρείττονας
889 1928 996 2010 μόνην
1011 1925 1116 2011 άσφά-

105 2038 199 2097 λειαν
216 2033 351 2116 ταύτην,
371 2034 403 2097 εί
419 2031 550 2116 γένοιτο
570 2033 683 2109 αὐτοῖς
702 2035 862 2118 φανερόν,
881 2033 931 2097 ὅτι
949 2042 1020 2108 τοῖς
1038 2036 1117 2125 βου-

105 2137 258 2222 λομένοις
281 2139 404 2216 αύτούς
426 2139 554 2205 ἀδικεῖν
577 2140 641 2223 οὐχ
661 2139 801 2223 ἀπάρχει
824 2140 978 2224 δύναμις·
1001 2138 1063 2216 ἕως
1083 2138 1113 2204 δ’

106 2243 148 2309 ἀν
171 2253 259 2331 παρή
281 2247 319 2311 τὸ
345 2246 514 2310 δύνασθαι
536 2247 577 2311 τά
598 2246 730 2329 πονηρά
753 2247 849 2331 δρᾶν,
873 2245 934 2311 ούκ
953 2244 1118 2324 ἐλλείψειν

105 2363 175 2429 τοῖς
203 2352 364 2438 πονηροῖς
390 2354 427 2418 τὸ
455 2353 647 2436 βούλεσθαι.
691 2352 812 2436 ταύτης
840 2348 903 2418 οὖν
931 2353 962 2417 εί
984 2353 1118 2437 τύχοιεν
1131 2374 1158 2415 εο

42 2466 164 2543 [ῖλῖτής
182 2457 374 2544 ἀσφαλείας,
399 2454 504 2524 οὐθέν
524 2458 637 2534 αὐτοῖς
655 2460 703 2522 ἐτι
722 2459 863 2541 δεήσειν.
893 2457 1152 2542 ύποτυχόντος3

107 2561 143 2629 δὲ
175 2572 236 2631 τοῦ
258 2569 435 2647 Μενηνίου
462 2561 517 2629 καὶ
544 2565 761 2640 κελεύσαντος
788 2561 897 2646 λέγειν
923 2565 984 2647 τήν
1012 2563 1133 2647 άσφά-·

106 2675 209 2754 λειαν,
233 2666 272 2754 ής
294 2674 342 2736 ἐτι
364 2673 424 2736 τὸν
446 2673 553 2755 δῆμον
573 2676 676 2740 οἴεται
695 2671 839 2753 δεῖσθαι,
863 2674 1117 2757 Συγχωρήσατε,

106 2780 222 2861 φησίν,
245 2777 327 2861 ἡμῖν
349 2778 512 2863 ἀρχοντας
534 2777 772 2841 ἀποδεικνύναι
794 2773 873 2840 καθ’
896 2774 1034 2842 ἕκαστον
1054 2777 1119 2843 ἐνι-

106 2884 210 2948 αυτὸν
239 2883 271 2961 ἐξ
299 2883 394 2968 ήμῶν
423 2883 678 2968 ὁσουσδήτινας,
707 2883 827 2959 οἵτινες
849 2884 953 2948 άλλου
976 2880 1038 2968 μέν
1061 2885 1117 2949 ού-
1131 2902 1157 2945 ιε

177 3081 193 3128 2
213 3075 425 3145 ὑπομενοῦντας
442 3076 494 3129 AB
556 3083 573 3130 4
592 3075 641 3130 *τε
660 3073 794 3130 ἁπάντων
814 3075 836 3130 O
896 3084 911 3132 6
931 3076 1047 3130 ἀπεῖναι
1065 3075 1117 3129 ΑΒ

107 3161 176 3200 corr.
197 3145 318 3236 Sylburg
391 3152 424 3201 14
443 3146 491 3202 τὸν
511 3145 625 3202 ἅπαντα
643 3144 746 3216 χρόνον
765 3145 787 3200 Ο
809 3147 886 3215 quod
904 3146 958 3200 def.
979 3144 1118 3200 casaubo-

105 3233 158 3270 nus
186 3216 236 3272 τὸν
255 3216 392 3279 είςεπειτα
409 3216 513 3288 χρόνον
531 3218 577 3272 vel
594 3216 644 3271 τὸν
663 3216 704 3280 είς
723 3215 819 3272 ἔπειτα
837 3215 938 3287 χρόνον
957 3232 980 3270 ο.
1001 3215 1118 3286 Stepha-

105 3304 158 3340 nus
196 3287 244 3342 τὸν
264 3287 377 3343 ἅπαντα
395 3289 430 3343 τά
449 3288 522 3343 καλά
540 3290 716 3359 μωραίνοντα
734 3285 837 3358 χρόνον
851 3304 873 3340 ο.
890 3285 1034 3354 Kiessling
1085 3295 1117 3342 19

104 3359 195 3428 παρή]
214 3367 298 3429 περιή
316 3376 339 3413 ο.
355 3359 520 3413 dubitanter
534 3358 678 3428 Kiessh'ng
693 3364 698 3428 Ι
715 3354 836 3427 ἐλλείψει
851 3357 873 3411 Ο
893 3359 1003 3428 praeter
1017 3358 1040 3411 B
1084 3365 1116 3414 21

106 3428 219 3497 δεήσειν
238 3429 375 3511 Sylburg·
395 3429 490 3498 δεήσει
509 3429 531 3484 O
