2414 3840
500 186 699 244 -ς-.
1024 183 1089 248 327

32 347 178 422 ,εονατύς
206 344 296 410 ἐστιν
323 347 409 432 έργφ
437 344 643 429 ἐπεξελθεῖν,
671 343 725 410 καὶ
753 344 966 431 περιέστηκεν
988 345 1009 427 η
1035 346 1091 409 δο-

73 461 184 519 κοῦσα
210 450 306 536 ἡμῶν
332 460 393 517 τοῦ
420 462 537 517 κοινοῦ
564 455 706 539 πρόνοια
734 453 804 518 ίδία
828 453 911 537 πρὸς
933 448 1090 536 ἑκάτερον

75 558 178 644 μέρος
206 555 368 643 ἀπέχθεια
395 558 591 643 φαινομένη.
636 567 675 644 τῇ
699 581 734 624 τε
756 560 819 644 γὰρ
843 562 949 643 βουλῇ
974 554 1018 622 δι’
1041 558 1092 621 αί-

75 667 150 742 τίας
173 660 240 748 είμί
263 664 308 740 ὡς
330 665 367 729 τὸ
389 662 550 750 ὑμέτερον
572 668 702 749 πλῆθος
719 665 918 750 θεραπεύων
935 662 991 728 καὶ
1007 664 1092 749 πρὸς

75 771 163 855 ὑμᾶς
187 767 416 854 διαβέβλημαι,
440 770 485 845 ὡς
503 770 611 855 ἐκείνη
630 775 756 856 μᾶλλον
774 771 835 853 την
854 771 990 835 εύνοιαν
1010 769 1112 836 ἀπο-ι

77 876 302 959 δεικνύμενος.
694 879 696 884 ’

144 981 347 1047 XXXXIIII.
379 984 424 1047 Εί
441 979 503 1066 μέν
522 977 584 1048 οὖν
603 981 621 1047 ὁ
641 983 744 1066 δῆμος
763 977 801 1047 εὖ
819 983 1007 1068 προπαθὼν
1026 979 1078 1058 έξέ

78 1093 152 1155 λιπε
166 1089 224 1164 τὰς
239 1082 283 1151 δι’
301 1087 382 1170 ἐμοῦ
397 1096 437 1172 τῇ
451 1091 556 1172 βουλῇ
570 1086 750 1173 γενομένας
762 1085 968 1174 ὑποσχέσεις,
982 1074 1093 1152 ἐκεῖνύ

78 1217 136 1278 μοι
164 1192 369 1278 ἀπολογητέα
391 1188 450 1277 ἦν,
479 1194 530 1258 ὅτι
553 1193 742 1272 ἐψεύσασθε
764 1194 872 1279 ὑμεῖς,
901 1193 938 1259 ἐν
961 1189 1034 1277 ἐμοὶ
1058 1186 1089 1256 δ’

78 1298 182 1366 οὐδὲν
210 1301 425 1385 κακούργημα
452 1295 507 1384 ἣν·
538 1298 609 1365 ἐπεὶ
637 1298 674 1365 δέ
701 1302 740 1366 τδι
766 1301 856 1387 παρὰ
883 1310 940 1385 τῆς
967 1302 1092 1382 βουλῆς
1103 1327 1129 1366 ιο

78 1405 334 1491 ὁμολογηθέντα
356 1406 398 1471 ού
420 1404 559 1490 γέγονεν
581 1407 662 1492 ὑμῖν
685 1408 825 1491 ἐπιτελῆ,
849 1409 932 1492 πρὸς
953 1407 1013 1471 τὸν
1035 1407 1092 1489 δῆ-

78 1536 146 1596 μον
169 1512 187 1577 δ
210 1514 309 1595 λόγος
331 1513 395 1596 ἤδη
415 1512 594 1597 ἀναγκαῖος
611 1517 763 1597 γίγνεταί
777 1536 845 1597 μοι,
869 1514 920 1577 ὅτι
939 1512 1001 1577 οὐκ
1019 1509 1093 1596 ἐμοὶ

79 1619 312 1684 συνδοκοῦντα
339 1621 543 1701 πεπόνθατε,
574 1614 644 1684 ἀλλ’
672 1619 793 1703 ὁμοίως
819 1621 1094 1703 πεφενακίσμεθα

79 1723 136 1789 καὶ
154 1726 467 1809 παραλελογίσμεθα
486 1725 679 1810 ἀμφότεροι,
697 1723 753 1790 καί
766 1729 893 1808 μᾶλλον
906 1723 1002 1806 ὑμῶν
1016 1722 1093 1806 ἐγώ,

32 1832 118 1908 ιεοὸς
139 1854 178 1914 γε
201 1830 263 1914 ούχ
286 1829 306 1894 ἃ
329 1839 425 1914 κοινῇ
448 1831 617 1915 ἠπάτημαι
640 1832 720 1915 μετδι
742 1831 877 1896 πάντων
895 1831 1002 1914 μόνον
1021 1828 1131 1896 ἄδι-ιε

80 1945 216 2020 κοῦμαι,
240 1935 323 2001 ιἰλλδι
345 1934 401 2001 καὶ
423 1937 486 2001 ὅσα
505 1936 575 2023 ίδίηι
592 1948 700 2014 κακῶς
718 1936 853 2020 ἀκήκοα,
877 1936 922 2012 ὡς
940 1935 982 2019 δὴ
1000 1935 1040 1999 τοί
1058 1957 1094 2000 τε

80 2045 172 2126 παρὰ
203 2052 270 2106 τῶν
297 2044 464 2126 πολεμίων
492 2041 615 2108 ἁλόντα
642 2043 684 2107 ού
712 2043 792 2127 μετὰ
818 2050 933 2126 κοινῆς
960 2042 1095 2126 γνώμης

80 2155 142 2213 τοῦ
170 2147 351 2231 συνεδρίου
378 2157 448 2224 τοῖς
476 2147 614 2234 ἀπόροις
640 2148 735 2233 ὑμῶν
767 2151 971 2232 βουλόμενος
1003 2148 1095 2213 ίδίαν

81 2252 249 2339 ὠφέλειαν
270 2256 551 2337 περιποιήσασθαι
569 2255 750 2340 παρασχὼν
768 2253 898 2332 καὶτὰς
916 2265 984 2319 τῶν
1001 2259 1095 2319 πολι-

79 2373 149 2426 τῶν
172 2358 289 2436 οὐσίας
312 2360 469 2443 δημεύειν
493 2359 594 2438 ἀξιῶν
618 2360 745 2445 ἐκείνης
766 2385 805 2445 γε
826 2360 1021 2443 κωλυούσης
1039 2357 1132 2425 καίεο

80 2468 127 2551 μὴ
150 2476 373 2556 παρανομεῖν,
402 2466 556 2551 στρατιάς
583 2462 613 2530 τ’
637 2464 903 2550 ἐναντιουμένων
925 2477 993 2530 τῶν
1016 2469 1096 2550 βου-

81 2578 210 2638 λεντῖιν
238 2570 397 2655 ἀφεικώς,
427 2568 505 2637 δέον
532 2571 597 2638 ύπὸ
624 2583 695 2649 ταῖς
718 2571 914 2658 ἀγραυλίαις
936 2571 992 2638 καὶ
1014 2574 1097 2639 πλοί-

73 2807 76 2812 ’
155 2805 171 2854 3
198 2796 340 2869 φερομένη
366 2797 389 2852 Ο
426 2797 585 2869 φαινομένη
612 2799 771 2869 Stephanus
861 2805 877 2854 ’ῖ
902 2795 1025 2868 ἐξέλειπε
1051 2802 1097 2856 Ba

82 2879 99 2927 8
119 2866 259 2926 ἐκεῖναί)
300 2865 394 2939 ἐκείνη
418 2887 441 2924 ο.
462 2868 585 2927 Sintenis
603 2870 663 2927 Em.
682 2870 763 2926 Dion.
778 2869 804 2924 ΙΙ
819 2876 853 2926 30
894 2867 1005 2927 ἐκεῖ-
1025 2874 1097 2928 ἀπο-

81 2947 131 3011 λογ
152 2938 216 2995 τέον
240 2938 276 2995 διν
300 2934 336 3008 ἦν
359 2957 382 2995 ο.
401 2940 547 2995 Meutzner
564 2959 591 3011 p.
611 2946 677 3008 265,
701 2937 797 2997 ἐκεῖνα
815 2973 849 2984 -
869 2943 1038 3014 ἀπυλογητέ’
1060 2943 1096 2998 διν

81 3007 119 3081 ἦν
133 2961 263 3066 r§chenld
280 3029 308 3081 p.
323 3017 357 3066 37
381 3011 416 3065 cf.
439 3011 563 3066 Reudler
581 3012 648 3069 Obs.
666 3030 694 3081 p.
709 3017 756 3081 46,
781 3015 830 3068 sed
853 3011 889 3068 διν
911 3013 1097 3069 falsissimum

82 3086 128 3138 est
184 3088 217 3137 10
236 3077 334 3150 ἐπειδὴ
350 3082 395 3136 Ba
449 3088 483 3138 13
502 3085 659 3137 συνδοκοῦν
677 3091 766 3137 ταῦτα
780 3101 802 3138 ο.
819 3083 907 3140 Cobet
921 3084 987 3140 obs.
1001 3103 1029 3154 p.
1045 3091 1097 3139 120

84 3161 118 3210 18
144 3149 313 3226 βουλόμενος
340 3168 394 3207 om.
423 3153 445 3206 Β
536 3159 569 3208 19
596 3151 773 3220 ποιήσασθαι
796 3154 818 3209 Ο
855 3155 1097 3225 περιποιήσασθαι

46 3274 48 3278 ⁴
83 3223 188 3279 Reiske
261 3229 296 3278 20
315 3224 403 3290 ἀξιῶν
420 3219 454 3290 ἧς
471 3223 545 3294 γεΟ
583 3224 609 3279 ἀ.
629 3220 739 3294 ἐκείνης
756 3245 787 3296 γε
807 3225 929 3314 θζίοαες
964 3226 991 3278 ίι.
1011 3225 1098 3292 αὐτῆς

83 3315 115 3421 γε
140 3294 281 3361 Schaller,
309 3296 336 3349 ἀ.
360 3302 409 3364 της
426 3298 533 3420 1βουλῆς
555 3315 586 3365 γε
609 3294 753 3365 Kiessling
778 3298 782 3366 Ι
807 3297 845 3363 *η
868 3296 907 3417 μὴ
931 3293 954 3347 Ο
999 3289 1017 3360 ἢ
1041 3293 1096 3348 del.

105 3364 210 3421 chmitz
229 3365 265 3419 de
284 3363 366 3420 Dion.
380 3365 425 3419 Ηει

83 3453 202 3507 gramm.
220 3454 248 3506 p.
263 3441 298 3490 50

439 3410 444 3422 .
464 3365 534 3420 locis
552 3384 579 3435 p.
595 3372 630 3422 24
666 3367 715 3422 καλ
734 3383 800 3436 ego;
819 3365 853 3419 cf.
893 3380 1016 3418 aumann
1030 3363 1099 3421 Obs.
