2414 3840
495 162 656 211 ..Ε-

106 319 267 406 γευομίνωυ.
314 322 461 405 τοσαύτη
490 321 554 405 γάρ
583 321 681 386 ἀνοια
707 317 763 384 καλ
785 320 986 404 θεοβλάβεια
1009 323 1088 398 τοὺς

104 424 257 512 δυστήνους
280 428 431 505 ἐκείνους
453 426 621 511 κατέσχεν,
645 422 731 492 ὥσθ’
752 424 935 511 ὑπέμειναν
958 425 1088 492 ἐπιστο-

98 533 141 609 λδς
160 536 284 620 γράψαι
309 537 392 621 πρὸς
414 536 474 601 τὸν
497 534 665 619 τύρανυον
688 533 923 620 αὐτογράφους
945 535 1087 617 δηλοῦν-

94 659 132 716 τες
154 641 240 730 αὐτῷ
264 642 303 706 τὸ
325 642 456 725 πλῆθός
478 663 514 705 τε
536 651 604 705 τῶν
626 643 832 725 μετεχόντων
854 649 913 725 τῆς
936 656 1088 726 συνωμο-

89 748 148 822 σίας
167 745 223 812 καλ
246 749 381 833 χρόνον,
405 746 442 812 έν
466 738 492 835 ᾧ
515 747 577 830 τήν
595 748 678 811 κατδι
695 757 762 811 τῶν
780 746 915 812 ὑπάτων
934 746 1114 813 έπίθεσινῠ

83 853 209 936 ἔμελλον
231 855 448 938 ποιήσεσθαι,
478 852 672 930 πεισθέντες
695 854 760 918 ὑπὸ
784 864 851 917 τῶν
874 852 1086 938 ἀφικομένων

78 958 117 1037 ὡς
142 959 267 1037 αὐτοὺς
292 961 381 1045 παρά
408 968 469 1024 τοῦ
496 959 665 1045 τυράννου
687 959 905 1044 γραμμάτων,
934 959 985 1024 ότι
1007 960 1086 1043 βού-

74 1069 159 1131 λεται
191 1065 398 1153 προειδέναι,
430 1068 523 1143 τίνας
551 1064 640 1153 αὐτῷ
668 1068 829 1151 προσήκει
851 1061 1021 1149 Ῥωμαίων
1049 1060 1087 1129 εὐ

70 1183 178 1238 ποιεῖν
200 1175 398 1258 κατασχόντι
415 1173 477 1256 τήν
495 1171 609 1258 ἀρχήν.
645 1174 775 1237 τούτων
794 1168 825 1236 δ’
845 1169 1000 1256 ἐγένοντο
1019 1171 1122 1238 τῶν2

68 1278 255 1345 ἐπιστολῶν
278 1278 445 1366 ἐγκρατεῖς
468 1279 503 1344 οί
519 1278 640 1344 ὕπατοι
659 1279 741 1344 κατά
759 1279 893 1345 τοιάνδε
911 1281 986 1345 τιυδι
1005 1297 1084 1347 συν·
1101 1296 1127 1336 1⁰

67 1389 196 1471 τυχίαν.
242 1378 321 1471 παρ’
342 1380 525 1462 Ἀκυλλίοις
552 1396 623 1462 τοῖς
650 1384 687 1450 ἐκ
715 1395 772 1470 τῆς
794 1389 1007 1452 Κολλατίνου
1033 1411 1086 1471 γε-

66 1495 208 1576 γονόσιν
232 1491 378 1576 ἀδελφῆς
401 1492 436 1558 οί
456 1494 718 1578 κορυφαιότατοι
735 1503 803 1557 τῶν
822 1492 858 1559 έν
877 1502 916 1578 τῇ
936 1509 1085 1577 συνωμο-

66 1602 123 1686 σίᾳ
144 1601 332 1682 κατήγοντο
354 1597 623 1685 παρακληθέντες
647 1599 692 1675 ὡς
710 1593 764 1683 ἐφ’
783 1599 854 1684 ίερδι
872 1598 926 1664 καλ
945 1602 1085 1664 θυσίαν·

65 1708 147 1790 μετὰ
171 1703 290 1789 δὲτὴν
308 1703 456 1771 ἑστίασιν
474 1705 623 1784 ἐξελθεῖν
643 1705 678 1771 ἐκ
695 1714 756 1770 τοῦ
772 1707 961 1788 συμποσίου
974 1705 1086 1769 κελεύ-

65 1829 186 1888 σαντες
203 1815 283 1890 τούς
302 1813 480 1889 διακόνους
498 1811 554 1878 καλ
574 1814 639 1898 πρὸ
653 1823 721 1876 τῶν
738 1819 858 1896 θυρῶν
877 1819 938 1875 τοῦ
958 1810 1086 1897 ἀνδρῶ-
1101 1825 1126 1867 16

20 1909 125 1996 358vb9
152 1918 314 1985 ἀπελθεῖν
341 1917 539 2005 διεφέροντό
567 1943 602 1984 τε
629 1920 712 2004 πρὸς
735 1918 901 2001 ἀλλήλους
923 1914 1006 2003 ὑπὲρ
1029 1926 1086 2001 τῆς

65 2033 261 2109 καταγωγῆς
277 2035 345 2090 τῶν
362 2025 539 2109 τυράννων
559 2022 615 2090 καὶ
632 2026 673 2090 τά
692 2023 835 2102 δόξαντα
853 2026 899 2101 είς
913 2023 1086 2099 ἐπιστολάς

65 2131 285 2217 κατεχώριζον
322 2131 571 2218 αὐτογράφους,
612 2129 651 2208 ἀς
688 2133 755 2196 ἔδει
786 2134 866 2207 τοὺς
895 2124 1086 2205 Ἀκυλλίους

65 2241 232 2322 λαβόντας
268 2237 454 2304 ἀποδοῦναι
490 2249 560 2315 τοῖς
598 2236 634 2303 ἐκ
671 2240 859 2324 Τυρρηνίας
895 2233 1084 2321 πρέσβεσιν,

64 2343 216 2420 ἐκείνους
243 2340 281 2408 δὲ
307 2346 492 2431 Ταρκυνίῳ.
539 2343 576 2409 ἐν
602 2343 709 2432 τούτῳ
739 2344 780 2426 δή
809 2351 854 2431 τῷ
883 2343 992 2429 χρόνῳ
1015 2319 1126 2435 τιῖυυξ)0

64 2452 289 2538 θεραπόντων
306 2473 356 2527 τις
375 2451 527 2535 οίνοχόος
547 2450 583 2515 ἐκ
596 2451 723 2526 πόλεως
737 2452 902 2533 Καινίνης
921 2448 1083 2534 αἰχμάλω-

62 2581 119 2635 τος
152 2559 261 2640 όνομα
285 2556 479 2633 Οὐινδίκιος
507 2557 718 2633 ὑποπτεύσας
744 2559 824 2634 τοὺς
852 2557 977 2642 ἀνδρας
1004 2558 1084 2639 βου-

62 2665 177 2730 λεύειν
213 2664 345 2748 πονηρά
377 2672 417 2748 τή
449 2663 643 2748 μεταστάσει
676 2673 742 2728 τῶν
776 2665 942 2729 διακόνων
975 2666 1083 2748 ἔμεινε

62 2772 168 2855 μόνος
190 2767 253 2847 ἔξω
276 2770 366 2855 παρὰ
387 2780 459 2846 ταῖς
481 2770 606 2852 θύραις
627 2767 683 2834 καὶ
705 2770 784 2847 τούς
806 2793 841 2835 τε
860 2773 982 2854 λόγους
1000 2768 1078 2858 παρ’

62 2875 176 2941 αὐτῶν
199 2873 387 2959 ήκροάσατο
409 2872 465 2938 καλ
487 2876 545 2952 τάς
564 2875 737 2952 ἐπιστολάς
755 2870 844 2940 εἶδεν
863 2877 928 2942 ὐπὸ
947 2877 1081 2943 πάντων
1096 2891 1122 2933 2⁵

136 3074 150 3121 1
170 3066 286 3136 τοιαύτη
307 3064 329 3120 Ο
349 3081 419 3121 corr.
438 3065 527 3121 Cobet
546 3065 610 3124 obs.
629 3085 657 3137 p.
674 3073 709 3122 94
782 3075 796 3122 7
815 3068 895 3138 παρά
911 3076 967 3123 τῶν
986 3078 1035 3125 τοῦ
1056 3068 1082 3122 Α

64 3146 97 3195 11
117 3136 267 3202 Ἀκυλλίοις
289 3135 367 3191 ABb
459 3145 491 3193 13
516 3138 670 3210 συνήγοντο
696 3154 719 3192 ο.
742 3138 866 3194 Reudler
889 3139 978 3195 Τίτου.
997 3158 1024 3208 p.
1044 3143 1078 3192 39

63 3217 98 3265 14
116 3205 213 3265 ἑστίαν
231 3208 278 3263 Ba,
351 3214 384 3263 15
402 3209 499 3280 πρδΟ
535 3210 629 3282 πρόσω
648 3207 752 3264 Βείελτο
784 3211 840 3265 ἀπὸ
859 3227 883 3267 ο.
904 3210 993 3267 eobet
1012 3207 1077 3262 Obs.

61 3288 145 3353 1).θό
238 3287 271 3336 16
290 3277 448 3350 διελέγοντό
471 3301 500 3336 τε
523 3282 593 3353 πρὸς
616 3279 749 3348 ἀλλήλους
771 3282 835 3350 περὶ
860 3298 883 3337 ο.
903 3279 993 3336 Cobet
1011 3271 1077 3330 obs.

60 3359 143 3481 &94
204 3359 237 3407 23
257 3350 461 3423 μεταναστάσει
477 3351 501 3406 Β
563 3359 599 3409 24
616 3353 681 3416 τούς
698 3371 728 3406 τε
747 3349 846 3422 λόγους
863 3353 929 3414 τοὺς
946 3367 968 3406 ο.
989 3343 1078 3401 Cobet

108 3443 129 3480 s.
148 3442 175 3494 p.
194 3429 236 3480 96.

867 3508 921 3562 10*
