2414 3840
526 206 686 252 -Δ-
1071 203 1114 266 99

97 366 234 446 κλησίας
257 372 459 449 παραχρῆμα
481 360 536 428 καὶ
560 363 747 448 διωμόσατο
765 365 848 428 κατὰ
866 373 934 427 τῶν
953 367 1115 447 σφαγίων.

96 472 227 536 τούτων
257 467 328 535 ἐστὶ
352 480 422 535 τῶν
446 469 567 557 ὁρκίων
591 478 753 554 μνημεῖον
777 468 813 535 έν
832 465 938 555 Ῥώμη
962 472 1116 554 κείμενον

97 575 134 641 έν
158 576 239 664 ίερῷ
263 577 350 653 Διὸς
373 578 528 660 Πιστίου,
552 575 591 641 ὃν
609 570 764 659 Ῥωμαῖοι
785 575 921 658 Σάγκον
943 581 1115 658 καλοῦσιν,

97 680 197 759 ἀσπὶς
220 680 339 766 ξυλίνη
363 684 471 769 βύρση
495 684 589 768 βοείᾳ
612 683 786 767 περίτονος
809 690 869 745 τοῦ
888 680 1116 766 σφαγιασθέν-

96 809 154 864 τος
182 785 237 853 ἐπὶ
265 798 333 853 τῶν
361 787 585 893 ὁρκίωνιτότε
612 789 706 871 βοός,
735 787 924 873 γράμμασιν
947 788 1143 874 ἀρχαϊκοῖςε

48 892 367 980 τεεέπιγεγραμμένη
386 895 445 971 τάς
462 892 643 979 γενομένας
661 893 774 970 αὐτοῖς
793 893 979 978 ὁμολογίας.
1013 903 1116 959 ταῦτα

97 1000 226 1087 πράξας
248 998 305 1066 καὶ
327 1001 464 1085 βασιλέα
486 1010 554 1065 τῶν
569 1003 704 1084 Γαβίων
722 1001 782 1064 τὸν
799 1000 877 1064 υίὸν
891 997 1018 1077 Σέξτον
1036 999 1116 1065 άπο-

98 1105 211 1185 δείξας
239 1106 344 1192 ἀπῆγε
371 1108 434 1192 τὴν
457 1107 611 1192 δύναμιν.
657 1105 675 1172 ὁ
706 1102 767 1190 μέν
797 1107 839 1190 δὴ
866 1107 949 1191 πρὸς
972 1109 1117 1189 Γαβίους

96 1214 244 1298 πόλεμος
265 1214 422 1280 τοιούτου
444 1211 560 1291 τέλους
582 1215 706 1297 ἔτυχεν.

166 1318 308 1386 LVHH.
336 1318 520 1405 Ταρκύνιος
549 1313 586 1383 δέ
613 1319 694 1402 μετὰ
721 1327 819 1383 τοῦτο
847 1319 885 1383 τὸ
914 1321 1014 1403 ἔργον
1038 1319 1116 1384 άνα-
1132 1342 1157 1382 10

98 1428 230 1503 παύσας
262 1426 322 1491 τὸν
354 1425 440 1491 λεὼν
470 1437 538 1490 τῶν
568 1436 749 1510 στρατειῶν
775 1423 830 1490 καὶ
857 1425 1011 1510 πολέμων
1040 1425 1116 1511 περὶ

97 1533 160 1616 την
190 1533 398 1615 κατασκευὴν
429 1542 497 1596 τῶν
527 1529 626 1617 ίερῶν
655 1530 781 1615 ἐγίνετο
809 1532 866 1608 τάς
892 1540 953 1596 τοῦ
980 1533 1116 1597 πάππου

97 1638 382 1723 προθυμούμενος
409 1638 506 1722 εὐχάς
533 1635 725 1703 ἐπιτελέσαι.
771 1635 896 1714 ἐκεῖνος
922 1637 986 1720 γάρ
1011 1637 1047 1702 έν
1070 1647 1115 1725 τῷ

97 1747 277 1832 τελευταίῳ
309 1742 443 1832 πολέμῳ
474 1746 658 1829 μαχόμενος
688 1745 772 1830 πρὸς
799 1745 970 1826 Σαβίνους
999 1742 1115 1820 εύξατο

98 1856 144 1937 τῷ
169 1846 230 1914 Διὶ
258 1847 314 1915 καὶ
340 1857 379 1934 τῇ
394 1846 483 1936 Ἥρα
511 1846 567 1913 καὶ
594 1857 633 1935 τη
653 1847 796 1937 Ἀθηνᾷ,
826 1847 884 1914 έάν
906 1851 1053 1935 κρατήσῃ
1076 1858 1115 1935 τῇ
1130 1870 1155 1910 15

99 1956 201 2043 μάχη,
227 1958 332 2034 ναοὺς
355 1955 469 2033 αὐτοῖς
490 1955 763 2021 κατασκευάσειν·
795 1952 932 2020 καὶτὸν
955 1951 1017 2041 μὲν
1041 1959 1116 2022 σκύ-

98 2068 214 2147 πελον,
239 2064 324 2127 ἔνθα
348 2062 548 2149 ἱδρύσεσθαι
569 2064 649 2139 τοὺς
672 2062 777 2139 θεοὺς
800 2064 945 2146 ἔμελλεν,
970 2062 1115 2147 ἀναλημ-

99 2172 183 2253 μασί
212 2191 248 2234 τε
279 2166 335 2234 καὶ
366 2169 494 2254 χώμασι
521 2168 677 2253 μεγάλοις
705 2168 930 2255 ἐξειργάσατο,
964 2169 1115 2253 καθάπερ

100 2278 186 2360 ἔφην
210 2275 248 2341 έν
271 2282 316 2363 τῷ
339 2277 404 2359 πρὸ
423 2276 544 2341 τούτου
563 2278 661 2363 λόγφ,
686 2275 748 2359 την
767 2271 804 2340 δὲ
822 2285 889 2339 τῶν
908 2286 1000 2339 ναῶν
1018 2297 1115 2339 κατα-

100 2382 224 2465 σκευὴν
248 2381 310 2447 οὐκ
333 2384 423 2466 ἔφθη
447 2380 584 2448 τελέσαι.
620 2390 719 2447 τοῦτο
744 2381 785 2465 δὴ
809 2381 846 2444 τὸ
870 2383 971 2464 ἔργον
994 2379 1115 2467 ὁΤαρ-
1129 2401 1155 2441 το

98 2489 214 2565 κύνιος
247 2487 310 2552 άπὸ
342 2495 400 2571 τῆς
431 2488 569 2570 δεκάτης
599 2499 667 2553 τῶν
700 2487 736 2553 ἐκ
767 2484 921 2568 Συέσσης
953 2486 1114 2572 λαφύρων

99 2592 283 2660 ἐπιτελέσαι
310 2595 574 2680 προαιρούμενος
602 2594 749 2670 ἅπαντας
770 2595 849 2670 τοὺς
872 2596 1020 2677 τεχνίτας
1043 2593 1114 2660 ἐπέ-

98 2717 198 2785 στησε
221 2711 295 2776 ταῖς
316 2699 493 2786 έργασίαις.
531 2702 615 2765 ἔνθα
639 2701 681 2782 δὴ
705 2698 833 2781 λέγεται
855 2697 952 2783 τέρας
974 2724 1005 2764 τι
1028 2705 1149 2768 &av-2

96 2807 226 2892 μαστὸν
258 2805 417 2889 ὑπόγειον
447 2804 678 2891 ὀρυττομένων
708 2827 743 2869 τε
769 2815 837 2869 τῶν
863 2809 1031 2889 θεμελίων
1058 2805 1113 2872 καὶ

51 2923 154 2998 ιελτης
181 2912 306 2998 ὀρυγῆς
329 2914 376 2989 είς
398 2915 484 2978 πολὺ
507 2913 613 2996 βάθος
635 2912 700 2995 ἤδη
724 2912 920 2997 προϊούσης,
948 2913 1113 2997 εὑρῆσθαι
1127 2930 1153 2972 τι

93 3019 225 3106 κεφαλὴ
249 3026 458 3102 νεοσφαγοῦς
481 3017 665 3104 ἀνθρώπου
683 3019 721 3082 τύ
739 3039 774 3081 τε
792 3019 972 3103 πρόσωπον
991 3021 1112 3103 ἔχουσα

167 3252 184 3301 3
204 3243 336 3315 Σάγκτου
351 3243 404 3298 ΑΒ
423 3260 491 3298 corr.
507 3242 629 3298 Casssalio
685 3244 702 3297 4
717 3244 921 3367 βυρμοβοείαΑ
938 3249 942 3313 Ι
958 3245 1027 3311 περί
1036 3259 1112 3300 τινος

91 3319 115 3373 Β
175 3314 412 3388 6ύμολογία<ι>ς
429 3315 452 3368 Β
469 3317 472 3376 Ι
489 3310 696 3386 έγγεγραμμένη
716 3331 738 3368 ο.
776 3314 842 3368 obeb
861 3300 926 3371 Obs.
945 3334 972 3384 p.
988 3318 1022 3371 88
1078 3313 1109 3360 11

91 3391 146 3445 λεὼ
162 3387 209 3448 Β,
243 3392 277 3440 26
295 3386 477 3457 παρούσηςΟ
510 3387 662 3456 προιούσης
676 3403 699 3440 ο.
715 3384 837 3454 Sylburg
897 3391 930 3439 26
945 3375 1109 3449 κεφαλὴνΟ

92 3478 166 3516 corr.
185 3456 331 3528 Kiessling
346 3461 350 3527 1
368 3455 470 3528 ἔχοντα
487 3456 539 3511 ΑΟ
577 3455 737 3526 έχουσανΒ
915 3539 951 3592 ⁷*
