<?xml version="1.0" encoding="UTF-8"?>
<!DOCTYPE html PUBLIC "-//W3C//DTD XHTML 1.0 Transitional//EN"
    "http://www.w3.org/TR/xhtml1/DTD/xhtml1-transitional.dtd">
<html xmlns="http://www.w3.org/1999/xhtml" xml:lang="en" lang="en">
 <head>
  <title>
</title>
<meta http-equiv="Content-Type" content="text/html;charset=utf-8" />
  <meta name='ocr-system' content='tesseract 3.04.00' />
  <meta name='ocr-capabilities' content='ocr_page ocr_carea ocr_par ocr_line ocrx_word'/>
</head>
<body>
  <div class='ocr_page' id='page_1' title='image "./dionysihalicarn02diongoog_0378.png"; bbox 0 0 2414 3840; ppageno 0'>
   <div class='ocr_carea' id='block_1_1' title="bbox 508 187 1150 252">
    <p class='ocr_par' dir='ltr' id='par_1_1' title="bbox 508 187 1150 252">
     <span class='ocr_line' id='line_1_1' title="bbox 508 187 1150 252; baseline -0.002 0"><span class='ocrx_word' id='word_1_1' title='bbox 508 188 669 238; x_wconf 67' lang='lat'><strong><em>-3-</em></strong></span> <span class='ocrx_word' id='word_1_2' title='bbox 1032 187 1150 252; x_wconf 45' lang='lat'><strong><em>361*</em></strong></span> 
     </span>
    </p>
   </div>
   <div class='ocr_carea' id='block_1_2' title="bbox 36 344 1135 1706">
    <p class='ocr_par' dir='ltr' id='par_1_2' title="bbox 36 344 1135 1706">
     <span class='ocr_line' id='line_1_2' title="bbox 83 344 1100 432; baseline 0.002 -21"><span class='ocrx_word' id='word_1_3' title='bbox 83 352 189 432; x_wconf 88' lang='grc' dir='ltr'><strong><em>μεθα,</em></strong></span> <span class='ocrx_word' id='word_1_4' title='bbox 217 344 300 410; x_wconf 85' lang='grc' dir='ltr'><strong><em>ἀλλά</em></strong></span> <span class='ocrx_word' id='word_1_5' title='bbox 328 344 384 410; x_wconf 83' lang='grc' dir='ltr'><strong><em>καὶ</em></strong></span> <span class='ocrx_word' id='word_1_6' title='bbox 410 347 458 422; x_wconf 92' lang='grc' dir='ltr'><strong><em>είς</em></strong></span> <span class='ocrx_word' id='word_1_7' title='bbox 479 346 517 410; x_wconf 93' lang='grc' dir='ltr'><strong><em>τὸ</em></strong></span> <span class='ocrx_word' id='word_1_8' title='bbox 542 347 661 411; x_wconf 88' lang='grc' dir='ltr'><strong><em>λοιπὸν</em></strong></span> <span class='ocrx_word' id='word_1_9' title='bbox 684 345 880 432; x_wconf 80' lang='grc' dir='ltr'><strong><em>ἀνείρξομεν</em></strong></span> <span class='ocrx_word' id='word_1_10' title='bbox 904 347 1015 412; x_wconf 86' lang='grc' dir='ltr'><strong><em>αὐτῶν</em></strong></span> <span class='ocrx_word' id='word_1_11' title='bbox 1036 349 1100 431; x_wconf 85' lang='grc' dir='ltr'><strong><em>τήν</em></strong></span> 
     </span>
     <span class='ocr_line' id='line_1_3' title="bbox 83 450 1100 538; baseline 0.001 -21"><span class='ocrx_word' id='word_1_12' title='bbox 83 453 248 536; x_wconf 80' lang='grc' dir='ltr'><strong><em>ἀκοσμίαν</em></strong></span> <span class='ocrx_word' id='word_1_13' title='bbox 267 455 359 538; x_wconf 84' lang='grc' dir='ltr'><strong><em>νόμφ</em></strong></span> <span class='ocrx_word' id='word_1_14' title='bbox 378 450 532 529; x_wconf 78' lang='grc' dir='ltr'><strong><em>τάξαντες</em></strong></span> <span class='ocrx_word' id='word_1_15' title='bbox 551 452 699 538; x_wconf 87' lang='grc' dir='ltr'><strong><em>ἀριθμὸν</em></strong></span> <span class='ocrx_word' id='word_1_16' title='bbox 718 453 812 536; x_wconf 90' lang='grc' dir='ltr'><strong><em>ἐτῶν,</em></strong></span> <span class='ocrx_word' id='word_1_17' title='bbox 832 454 872 519; x_wconf 87' lang='grc' dir='ltr'><strong><em>δν</em></strong></span> <span class='ocrx_word' id='word_1_18' title='bbox 892 456 1003 538; x_wconf 87' lang='grc' dir='ltr'><strong><em>δεήσει</em></strong></span> <span class='ocrx_word' id='word_1_19' title='bbox 1020 457 1100 531; x_wconf 87' lang='grc' dir='ltr'><strong><em>τοὺς</em></strong></span> 
     </span>
     <span class='ocr_line' id='line_1_4' title="bbox 83 555 1099 644; baseline 0.003 -21"><span class='ocrx_word' id='word_1_20' title='bbox 83 557 331 642; x_wconf 78' lang='grc' dir='ltr'><strong><em>βουλεύσοντας</em></strong></span> <span class='ocrx_word' id='word_1_21' title='bbox 356 559 457 643; x_wconf 81' lang='grc' dir='ltr'><strong><em>ἐχειν·</em></strong></span> <span class='ocrx_word' id='word_1_22' title='bbox 489 568 560 634; x_wconf 83' lang='grc' dir='ltr'><strong><em>τοῖς</em></strong></span> <span class='ocrx_word' id='word_1_23' title='bbox 589 555 626 623; x_wconf 71' lang='grc' dir='ltr'><strong><em>δὲ</em></strong></span> <span class='ocrx_word' id='word_1_24' title='bbox 652 558 890 644; x_wconf 79' lang='grc' dir='ltr'><strong><em>πρεσβυτέροις</em></strong></span> <span class='ocrx_word' id='word_1_25' title='bbox 916 560 1099 638; x_wconf 75' lang='grc' dir='ltr'><strong><em>ἀποδόντες</em></strong></span> 
     </span>
     <span class='ocr_line' id='line_1_5' title="bbox 83 658 1098 751; baseline 0.002 -21"><span class='ocrx_word' id='word_1_26' title='bbox 83 668 188 748; x_wconf 90' lang='grc' dir='ltr'><strong><em>λόγον</em></strong></span> <span class='ocrx_word' id='word_1_27' title='bbox 219 658 334 747; x_wconf 82' lang='grc' dir='ltr'><strong><em>αὖθις,</em></strong></span> <span class='ocrx_word' id='word_1_28' title='bbox 365 664 423 729; x_wconf 80' lang='grc' dir='ltr'><strong><em>ἐὰν</em></strong></span> <span class='ocrx_word' id='word_1_29' title='bbox 453 661 559 749; x_wconf 78' lang='grc' dir='ltr'><strong><em>μηδέν</em></strong></span> <span class='ocrx_word' id='word_1_30' title='bbox 589 663 824 750; x_wconf 87' lang='grc' dir='ltr'><strong><em>συμφέρωνται</em></strong></span> <span class='ocrx_word' id='word_1_31' title='bbox 847 678 918 743; x_wconf 78' lang='grc' dir='ltr'><strong><em>ταῖς</em></strong></span> <span class='ocrx_word' id='word_1_32' title='bbox 940 667 1098 751; x_wconf 89' lang='grc' dir='ltr'><strong><em>γνώμαις,</em></strong></span> 
     </span>
     <span class='ocr_line' id='line_1_6' title="bbox 82 770 1121 860; baseline -0.001 -24"><span class='ocrx_word' id='word_1_33' title='bbox 82 773 197 857; x_wconf 78' lang='grc' dir='ltr'><strong><em>ταχείᾳ</em></strong></span> <span class='ocrx_word' id='word_1_34' title='bbox 219 771 281 853; x_wconf 90' lang='grc' dir='ltr'><strong><em>τήν</em></strong></span> <span class='ocrx_word' id='word_1_35' title='bbox 305 774 513 855; x_wconf 79' lang='grc' dir='ltr'><strong><em>φιλονεικίαν</em></strong></span> <span class='ocrx_word' id='word_1_36' title='bbox 537 770 648 835; x_wconf 84' lang='grc' dir='ltr'><strong><em>αὐτῶν</em></strong></span> <span class='ocrx_word' id='word_1_37' title='bbox 671 773 816 856; x_wconf 78' lang='grc' dir='ltr'><strong><em>λύσομεν</em></strong></span> <span class='ocrx_word' id='word_1_38' title='bbox 839 772 919 860; x_wconf 77' lang='grc' dir='ltr'><strong><em>ὁδῷ,</em></strong></span> <span class='ocrx_word' id='word_1_39' title='bbox 942 773 986 857; x_wconf 85' lang='grc' dir='ltr'><strong><em>ήν</em></strong></span> <span class='ocrx_word' id='word_1_40' title='bbox 1008 775 1121 857; x_wconf 76' lang='grc' dir='ltr'><strong><em>ἅμα-ε</em></strong></span> 
     </span>
     <span class='ocr_line' id='line_1_7' title="bbox 82 875 1135 961; baseline 0.002 -19"><span class='ocrx_word' id='word_1_41' title='bbox 82 881 146 943; x_wconf 92' lang='grc' dir='ltr'><strong><em>νόν</em></strong></span> <span class='ocrx_word' id='word_1_42' title='bbox 174 875 265 941; x_wconf 91' lang='grc' dir='ltr'><strong><em>ἐστιν</em></strong></span> <span class='ocrx_word' id='word_1_43' title='bbox 292 876 378 960; x_wconf 83' lang='grc' dir='ltr'><strong><em>ὑμᾶς</em></strong></span> <span class='ocrx_word' id='word_1_44' title='bbox 404 885 613 961; x_wconf 80' lang='grc' dir='ltr'><strong><em>προακοῦσαι</em></strong></span> <span class='ocrx_word' id='word_1_45' title='bbox 639 875 695 941; x_wconf 84' lang='grc' dir='ltr'><strong><em>καὶ</em></strong></span> <span class='ocrx_word' id='word_1_46' title='bbox 718 883 850 960; x_wconf 79' lang='grc' dir='ltr'><strong><em>μαθεῖν.</em></strong></span> <span class='ocrx_word' id='word_1_47' title='bbox 897 885 965 944; x_wconf 86' lang='grc' dir='ltr'><strong><em>ίστε</em></strong></span> <span class='ocrx_word' id='word_1_48' title='bbox 989 879 1135 961; x_wconf 83' lang='grc' dir='ltr'><strong><em>δήπου3</em></strong></span> 
     </span>
     <span class='ocr_line' id='line_1_8' title="bbox 81 977 1099 1067; baseline 0.001 -19"><span class='ocrx_word' id='word_1_49' title='bbox 81 985 190 1067; x_wconf 93' lang='grc' dir='ltr'><strong><em>νόμον</em></strong></span> <span class='ocrx_word' id='word_1_50' title='bbox 208 981 289 1065; x_wconf 81' lang='grc' dir='ltr'><strong><em>ήμίν</em></strong></span> <span class='ocrx_word' id='word_1_51' title='bbox 300 980 503 1066; x_wconf 77' lang='grc' dir='ltr'><strong><em>ὑπάρχοντα,</em></strong></span> <span class='ocrx_word' id='word_1_52' title='bbox 523 979 556 1058; x_wconf 80' lang='grc' dir='ltr'><strong><em>ἐξ</em></strong></span> <span class='ocrx_word' id='word_1_53' title='bbox 573 977 614 1046; x_wconf 87' lang='grc' dir='ltr'><strong><em>οὗ</em></strong></span> <span class='ocrx_word' id='word_1_54' title='bbox 627 983 728 1065; x_wconf 91' lang='grc' dir='ltr'><strong><em>τήνδε</em></strong></span> <span class='ocrx_word' id='word_1_55' title='bbox 743 984 899 1067; x_wconf 76' lang='grc' dir='ltr'><strong><em>οἰκοῦμεν</em></strong></span> <span class='ocrx_word' id='word_1_56' title='bbox 913 985 975 1067; x_wconf 85' lang='grc' dir='ltr'><strong><em>τήν</em></strong></span> <span class='ocrx_word' id='word_1_57' title='bbox 988 986 1099 1065; x_wconf 91' lang='grc' dir='ltr'><strong><em>πόλιν,</em></strong></span> 
     </span>
     <span class='ocr_line' id='line_1_9' title="bbox 81 1081 1099 1175; baseline 0 -20"><span class='ocrx_word' id='word_1_58' title='bbox 81 1089 218 1155; x_wconf 86' lang='grc' dir='ltr'><strong><em>πάντῶν</em></strong></span> <span class='ocrx_word' id='word_1_59' title='bbox 248 1081 335 1152; x_wconf 77' lang='grc' dir='ltr'><strong><em>εἶναι</em></strong></span> <span class='ocrx_word' id='word_1_60' title='bbox 366 1090 487 1172; x_wconf 90' lang='grc' dir='ltr'><strong><em>κυρίαν</em></strong></span> <span class='ocrx_word' id='word_1_61' title='bbox 514 1088 575 1169; x_wconf 86' lang='grc' dir='ltr'><strong><em>τήν</em></strong></span> <span class='ocrx_word' id='word_1_62' title='bbox 603 1089 745 1172; x_wconf 91' lang='grc' dir='ltr'><strong><em>βουλήν,</em></strong></span> <span class='ocrx_word' id='word_1_63' title='bbox 775 1090 863 1173; x_wconf 85' lang='grc' dir='ltr'><strong><em>πλήν</em></strong></span> <span class='ocrx_word' id='word_1_64' title='bbox 890 1090 992 1175; x_wconf 80' lang='grc' dir='ltr'><strong><em>ἀρχὰς</em></strong></span> <span class='ocrx_word' id='word_1_65' title='bbox 1019 1088 1099 1155; x_wconf 89' lang='grc' dir='ltr'><strong><em>ἀπο-</em></strong></span> 
     </span>
     <span class='ocr_line' id='line_1_10' title="bbox 83 1190 1097 1279; baseline -0.002 -18"><span class='ocrx_word' id='word_1_66' title='bbox 83 1194 190 1273; x_wconf 81' lang='grc' dir='ltr'><strong><em>δείξαι</em></strong></span> <span class='ocrx_word' id='word_1_67' title='bbox 217 1190 273 1258; x_wconf 78' lang='grc' dir='ltr'><strong><em>καί</em></strong></span> <span class='ocrx_word' id='word_1_68' title='bbox 301 1196 425 1275; x_wconf 92' lang='grc' dir='ltr'><strong><em>νόμους</em></strong></span> <span class='ocrx_word' id='word_1_69' title='bbox 452 1195 598 1277; x_wconf 78' lang='grc' dir='ltr'><strong><em>ψηφίσαι</em></strong></span> <span class='ocrx_word' id='word_1_70' title='bbox 623 1192 680 1258; x_wconf 83' lang='grc' dir='ltr'><strong><em>καὶ</em></strong></span> <span class='ocrx_word' id='word_1_71' title='bbox 701 1197 848 1279; x_wconf 88' lang='grc' dir='ltr'><strong><em>πόλεμον</em></strong></span> <span class='ocrx_word' id='word_1_72' title='bbox 873 1194 1055 1278; x_wconf 77' lang='grc' dir='ltr'><strong><em>ἐξενεγκεῖν</em></strong></span> <span class='ocrx_word' id='word_1_73' title='bbox 1079 1195 1097 1279; x_wconf 85' lang='grc' dir='ltr'><strong><em>ή</em></strong></span> 
     </span>
     <span class='ocr_line' id='line_1_11' title="bbox 81 1299 1134 1388; baseline -0.003 -21"><span class='ocrx_word' id='word_1_74' title='bbox 81 1303 142 1367; x_wconf 85' lang='grc' dir='ltr'><strong><em>τὸν</em></strong></span> <span class='ocrx_word' id='word_1_75' title='bbox 171 1309 360 1366; x_wconf 82' lang='grc' dir='ltr'><strong><em>συνεστῶτα</em></strong></span> <span class='ocrx_word' id='word_1_76' title='bbox 386 1299 653 1365; x_wconf 77' lang='grc' dir='ltr'><strong><em>καταλύσασθαι·</em></strong></span> <span class='ocrx_word' id='word_1_77' title='bbox 685 1303 815 1367; x_wconf 87' lang='grc' dir='ltr'><strong><em>τούτων</em></strong></span> <span class='ocrx_word' id='word_1_78' title='bbox 846 1299 883 1368; x_wconf 76' lang='grc' dir='ltr'><strong><em>δέ</em></strong></span> <span class='ocrx_word' id='word_1_79' title='bbox 905 1314 973 1368; x_wconf 86' lang='grc' dir='ltr'><strong><em>τῶν</em></strong></span> <span class='ocrx_word' id='word_1_80' title='bbox 994 1312 1097 1388; x_wconf 85' lang='grc' dir='ltr'><strong><em>τριῶν</em></strong></span> <span class='ocrx_word' id='word_1_81' title='bbox 1108 1324 1134 1364; x_wconf 79' lang='grc' dir='ltr'><strong><em>ιο</em></strong></span> 
     </span>
     <span class='ocr_line' id='line_1_12' title="bbox 36 1403 1098 1493; baseline 0.004 -24"><span class='ocrx_word' id='word_1_82' title='bbox 36 1409 144 1473; x_wconf 76' lang='grc' dir='ltr'><strong><em>192τδν</em></strong></span> <span class='ocrx_word' id='word_1_83' title='bbox 169 1408 276 1491; x_wconf 85' lang='grc' dir='ltr'><strong><em>δήμου</em></strong></span> <span class='ocrx_word' id='word_1_84' title='bbox 298 1407 386 1489; x_wconf 81' lang='grc' dir='ltr'><strong><em>ἐχειν</em></strong></span> <span class='ocrx_word' id='word_1_85' title='bbox 409 1405 470 1487; x_wconf 84' lang='grc' dir='ltr'><strong><em>τήν</em></strong></span> <span class='ocrx_word' id='word_1_86' title='bbox 493 1403 649 1482; x_wconf 79' lang='grc' dir='ltr'><strong><em>ἐξουσίαν</em></strong></span> <span class='ocrx_word' id='word_1_87' title='bbox 671 1416 788 1490; x_wconf 87' lang='grc' dir='ltr'><strong><em>ψήφου</em></strong></span> <span class='ocrx_word' id='word_1_88' title='bbox 811 1407 1021 1493; x_wconf 88' lang='grc' dir='ltr'><strong><em>ἐπιφέροντα.</em></strong></span> <span class='ocrx_word' id='word_1_89' title='bbox 1061 1408 1098 1474; x_wconf 88' lang='grc' dir='ltr'><strong><em>ἐν</em></strong></span> 
     </span>
     <span class='ocr_line' id='line_1_13' title="bbox 82 1505 1098 1600; baseline 0.001 -22"><span class='ocrx_word' id='word_1_90' title='bbox 82 1510 122 1578; x_wconf 74' lang='grc' dir='ltr'><strong><em>δὲ</em></strong></span> <span class='ocrx_word' id='word_1_91' title='bbox 149 1520 194 1600; x_wconf 76' lang='grc' dir='ltr'><strong><em>τῷ</em></strong></span> <span class='ocrx_word' id='word_1_92' title='bbox 221 1513 363 1596; x_wconf 83' lang='grc' dir='ltr'><strong><em>παρόντι</em></strong></span> <span class='ocrx_word' id='word_1_93' title='bbox 386 1509 447 1593; x_wconf 82' lang='grc' dir='ltr'><strong><em>οὐχ</em></strong></span> <span class='ocrx_word' id='word_1_94' title='bbox 468 1505 552 1595; x_wconf 68' lang='grc' dir='ltr'><strong><em>ὑπὲρ</em></strong></span> <span class='ocrx_word' id='word_1_95' title='bbox 576 1508 692 1595; x_wconf 78' lang='grc' dir='ltr'><strong><em>ἐτέρου</em></strong></span> <span class='ocrx_word' id='word_1_96' title='bbox 714 1512 806 1588; x_wconf 86' lang='grc' dir='ltr'><strong><em>τινὸς</em></strong></span> <span class='ocrx_word' id='word_1_97' title='bbox 827 1511 849 1594; x_wconf 84' lang='grc' dir='ltr'><strong><em>ή</em></strong></span> <span class='ocrx_word' id='word_1_98' title='bbox 872 1511 1020 1596; x_wconf 85' lang='grc' dir='ltr'><strong><em>πολέμου</em></strong></span> <span class='ocrx_word' id='word_1_99' title='bbox 1043 1514 1098 1579; x_wconf 80' lang='grc' dir='ltr'><strong><em>καὶ</em></strong></span> 
     </span>
     <span class='ocr_line' id='line_1_14' title="bbox 81 1617 1098 1706; baseline -0.002 -21"><span class='ocrx_word' id='word_1_100' title='bbox 81 1621 218 1706; x_wconf 80' lang='grc' dir='ltr'><strong><em>εἰρήνης</em></strong></span> <span class='ocrx_word' id='word_1_101' title='bbox 245 1618 491 1700; x_wconf 78' lang='grc' dir='ltr'><strong><em>βουλευόμεθα,</em></strong></span> <span class='ocrx_word' id='word_1_102' title='bbox 520 1617 604 1681; x_wconf 87' lang='grc' dir='ltr'><strong><em>ώστε</em></strong></span> <span class='ocrx_word' id='word_1_103' title='bbox 627 1617 732 1699; x_wconf 83' lang='grc' dir='ltr'><strong><em>πολλή</em></strong></span> <span class='ocrx_word' id='word_1_104' title='bbox 756 1617 883 1701; x_wconf 77' lang='grc' dir='ltr'><strong><em>ἀνάγκη</em></strong></span> <span class='ocrx_word' id='word_1_105' title='bbox 908 1619 967 1683; x_wconf 87' lang='grc' dir='ltr'><strong><em>τὸν</em></strong></span> <span class='ocrx_word' id='word_1_106' title='bbox 991 1619 1098 1702; x_wconf 77' lang='grc' dir='ltr'><strong><em>δῆμον</em></strong></span> 
     </span>
    </p>
   </div>
   <div class='ocr_carea' id='block_1_3' title="bbox 81 1721 1118 1926">
    <p class='ocr_par' dir='ltr' id='par_1_3' title="bbox 81 1721 1118 1926">
     <span class='ocr_line' id='line_1_15' title="bbox 82 1721 1098 1810; baseline -0.001 -20"><span class='ocrx_word' id='word_1_107' title='bbox 82 1725 286 1810; x_wconf 81' lang='grc' dir='ltr'><strong><em>ἐπικυρῶσαι</em></strong></span> <span class='ocrx_word' id='word_1_108' title='bbox 321 1725 379 1800; x_wconf 82' lang='grc' dir='ltr'><strong><em>τὰς</em></strong></span> <span class='ocrx_word' id='word_1_109' title='bbox 409 1721 568 1808; x_wconf 87' lang='grc' dir='ltr'><strong><em>ήμετέρας</em></strong></span> <span class='ocrx_word' id='word_1_110' title='bbox 600 1722 734 1806; x_wconf 93' lang='grc' dir='ltr'><strong><em>γνώμας</em></strong></span> <span class='ocrx_word' id='word_1_111' title='bbox 765 1727 883 1808; x_wconf 92' lang='grc' dir='ltr'><strong><em>ψήφου</em></strong></span> <span class='ocrx_word' id='word_1_112' title='bbox 914 1726 1098 1807; x_wconf 88' lang='grc' dir='ltr'><strong><em>γενόμενον</em></strong></span> 
     </span>
     <span class='ocr_line' id='line_1_16' title="bbox 81 1829 1118 1926; baseline -0.002 -29"><span class='ocrx_word' id='word_1_113' title='bbox 81 1832 210 1917; x_wconf 92' lang='grc' dir='ltr'><strong><em>κύριον.</em></strong></span> <span class='ocrx_word' id='word_1_114' title='bbox 255 1831 534 1916; x_wconf 87' lang='grc' dir='ltr'><strong><em>παραγγείλαντες</em></strong></span> <span class='ocrx_word' id='word_1_115' title='bbox 558 1829 599 1912; x_wconf 86' lang='grc' dir='ltr'><strong><em>δή</em></strong></span> <span class='ocrx_word' id='word_1_116' title='bbox 623 1836 668 1916; x_wconf 76' lang='grc' dir='ltr'><strong><em>τῷ</em></strong></span> <span class='ocrx_word' id='word_1_117' title='bbox 692 1832 816 1913; x_wconf 90' lang='grc' dir='ltr'><strong><em>πλήθει</em></strong></span> <span class='ocrx_word' id='word_1_118' title='bbox 837 1841 994 1916; x_wconf 80' lang='grc' dir='ltr'><strong><em>παρεῖναι</em></strong></span> <span class='ocrx_word' id='word_1_119' title='bbox 1015 1831 1118 1926; x_wconf 83' lang='grc' dir='ltr'><strong><em>κατδι1</em></strong></span> 
     </span>
    </p>
   </div>
   <div class='ocr_carea' id='block_1_4' title="bbox 81 1886 1135 2021">
    <p class='ocr_par' dir='ltr' id='par_1_4' title="bbox 81 1886 1135 2021">
     <span class='ocr_line' id='line_1_17' title="bbox 81 1886 1135 2021; baseline -0.003 -17"><span class='ocrx_word' id='word_1_120' title='bbox 81 1939 182 2004; x_wconf 89' lang='grc' dir='ltr'><strong><em>τόνδε</em></strong></span> <span class='ocrx_word' id='word_1_121' title='bbox 204 1938 265 2002; x_wconf 92' lang='grc' dir='ltr'><strong><em>τὸν</em></strong></span> <span class='ocrx_word' id='word_1_122' title='bbox 286 1939 393 2021; x_wconf 90' lang='grc' dir='ltr'><strong><em>νόμον</em></strong></span> <span class='ocrx_word' id='word_1_123' title='bbox 416 1938 463 2011; x_wconf 91' lang='grc' dir='ltr'><strong><em>είς</em></strong></span> <span class='ocrx_word' id='word_1_124' title='bbox 485 1935 546 2018; x_wconf 84' lang='grc' dir='ltr'><strong><em>τηύ</em></strong></span> <span class='ocrx_word' id='word_1_125' title='bbox 570 1934 712 2020; x_wconf 89' lang='grc' dir='ltr'><strong><em>ἀγοράν,</em></strong></span> <span class='ocrx_word' id='word_1_126' title='bbox 741 1935 877 2001; x_wconf 77' lang='grc' dir='ltr'><strong><em>ἐπειδὰν</em></strong></span> <span class='ocrx_word' id='word_1_127' title='bbox 900 1936 994 2020; x_wconf 78' lang='grc' dir='ltr'><strong><em>ὑμεῖς</em></strong></span> <span class='ocrx_word' id='word_1_128' title='bbox 1017 1935 1098 2001; x_wconf 82' lang='grc' dir='ltr'><strong><em>ἀπο·</em></strong></span> <span class='ocrx_word' id='word_1_129' title='bbox 1121 1886 1135 1927; x_wconf 62' lang='lat'>⁶</span> 
     </span>
    </p>
   </div>
   <div class='ocr_carea' id='block_1_5' title="bbox 80 2042 1141 3189">
    <p class='ocr_par' dir='ltr' id='par_1_5' title="bbox 82 2042 1098 2234">
     <span class='ocr_line' id='line_1_18' title="bbox 82 2042 1098 2131; baseline -0.002 -23"><span class='ocrx_word' id='word_1_130' title='bbox 82 2042 239 2127; x_wconf 84' lang='grc' dir='ltr'><strong><em>δείξησθε</em></strong></span> <span class='ocrx_word' id='word_1_131' title='bbox 267 2045 325 2121; x_wconf 86' lang='grc' dir='ltr'><strong><em>τδς</em></strong></span> <span class='ocrx_word' id='word_1_132' title='bbox 352 2044 503 2127; x_wconf 89' lang='grc' dir='ltr'><strong><em>γνώμας,</em></strong></span> <span class='ocrx_word' id='word_1_133' title='bbox 531 2042 750 2127; x_wconf 86' lang='grc' dir='ltr'><strong><em>ἀποδώσομεν</em></strong></span> <span class='ocrx_word' id='word_1_134' title='bbox 773 2042 862 2131; x_wconf 75' lang='grc' dir='ltr'><strong><em>αύτῷ</em></strong></span> <span class='ocrx_word' id='word_1_135' title='bbox 886 2043 948 2125; x_wconf 87' lang='grc' dir='ltr'><strong><em>τήν</em></strong></span> <span class='ocrx_word' id='word_1_136' title='bbox 970 2050 1098 2127; x_wconf 87' lang='grc' dir='ltr'><strong><em>ψήφου,</em></strong></span> 
     </span>
     <span class='ocr_line' id='line_1_19' title="bbox 82 2147 1097 2234; baseline -0.002 -19"><span class='ocrx_word' id='word_1_137' title='bbox 82 2150 190 2226; x_wconf 79' lang='grc' dir='ltr'><strong><em>οὕτως</em></strong></span> <span class='ocrx_word' id='word_1_138' title='bbox 212 2149 254 2215; x_wconf 80' lang='grc' dir='ltr'><strong><em>ἀν</em></strong></span> <span class='ocrx_word' id='word_1_139' title='bbox 278 2151 418 2234; x_wconf 80' lang='grc' dir='ltr'><strong><em>μάλιστα</em></strong></span> <span class='ocrx_word' id='word_1_140' title='bbox 436 2151 633 2233; x_wconf 90' lang='grc' dir='ltr'><strong><em>νομίσαντες</em></strong></span> <span class='ocrx_word' id='word_1_141' title='bbox 651 2147 798 2234; x_wconf 81' lang='grc' dir='ltr'><strong><em>ἀρθῆναι</em></strong></span> <span class='ocrx_word' id='word_1_142' title='bbox 816 2150 879 2232; x_wconf 90' lang='grc' dir='ltr'><strong><em>τήν</em></strong></span> <span class='ocrx_word' id='word_1_143' title='bbox 896 2150 970 2234; x_wconf 83' lang='grc' dir='ltr'><strong><em>ἐριν</em></strong></span> <span class='ocrx_word' id='word_1_144' title='bbox 988 2148 1097 2231; x_wconf 84' lang='grc' dir='ltr'><strong><em>ὑμῶν·</em></strong></span> 
     </span>
    </p>

    <p class='ocr_par' dir='ltr' id='par_1_6' title="bbox 80 2248 1141 2658">
     <span class='ocr_line' id='line_1_20' title="bbox 81 2248 1098 2338; baseline -0.002 -18"><span class='ocrx_word' id='word_1_145' title='bbox 81 2257 100 2321; x_wconf 89' lang='grc' dir='ltr'><strong><em>ό</em></strong></span> <span class='ocrx_word' id='word_1_146' title='bbox 129 2278 162 2320; x_wconf 94' lang='grc' dir='ltr'><strong><em>τι</em></strong></span> <span class='ocrx_word' id='word_1_147' title='bbox 189 2252 219 2320; x_wconf 84' lang='grc' dir='ltr'><strong><em>δ’</em></strong></span> <span class='ocrx_word' id='word_1_148' title='bbox 244 2254 286 2320; x_wconf 84' lang='grc' dir='ltr'><strong><em>ἀν</em></strong></span> <span class='ocrx_word' id='word_1_149' title='bbox 312 2255 348 2320; x_wconf 83' lang='grc' dir='ltr'><strong><em>ολ</em></strong></span> <span class='ocrx_word' id='word_1_150' title='bbox 367 2256 502 2330; x_wconf 89' lang='grc' dir='ltr'><strong><em>πλείους</em></strong></span> <span class='ocrx_word' id='word_1_151' title='bbox 523 2256 752 2338; x_wconf 87' lang='grc' dir='ltr'><strong><em>ψηφίσωνται,</em></strong></span> <span class='ocrx_word' id='word_1_152' title='bbox 780 2248 881 2319; x_wconf 85' lang='grc' dir='ltr'><strong><em>τοῦθ’</em></strong></span> <span class='ocrx_word' id='word_1_153' title='bbox 902 2250 1098 2337; x_wconf 87' lang='grc' dir='ltr'><strong><em>ήγησόμεθα</em></strong></span> 
     </span>
     <span class='ocr_line' id='line_1_21' title="bbox 80 2356 1141 2448; baseline -0.008 -20"><span class='ocrx_word' id='word_1_154' title='bbox 80 2363 210 2448; x_wconf 89' lang='grc' dir='ltr'><strong><em>κύριον.</em></strong></span> <span class='ocrx_word' id='word_1_155' title='bbox 248 2360 334 2439; x_wconf 81' lang='grc' dir='ltr'><strong><em>ἀξιοι</em></strong></span> <span class='ocrx_word' id='word_1_156' title='bbox 358 2356 395 2425; x_wconf 76' lang='grc' dir='ltr'><strong><em>δέ</em></strong></span> <span class='ocrx_word' id='word_1_157' title='bbox 418 2362 528 2443; x_wconf 89' lang='grc' dir='ltr'><strong><em>δήπου</em></strong></span> <span class='ocrx_word' id='word_1_158' title='bbox 550 2361 672 2442; x_wconf 90' lang='grc' dir='ltr'><strong><em>ταύτης</em></strong></span> <span class='ocrx_word' id='word_1_159' title='bbox 694 2356 759 2424; x_wconf 79' lang='grc' dir='ltr'><strong><em>είσὶ</em></strong></span> <span class='ocrx_word' id='word_1_160' title='bbox 781 2369 840 2444; x_wconf 82' lang='grc' dir='ltr'><strong><em>τῆς</em></strong></span> <span class='ocrx_word' id='word_1_161' title='bbox 862 2369 956 2444; x_wconf 81' lang='grc' dir='ltr'><strong><em>τιμῆς</em></strong></span> <span class='ocrx_word' id='word_1_162' title='bbox 978 2360 1141 2444; x_wconf 47' lang='grc' dir='ltr'><strong><em>τυγχά-εο.</em></strong></span> 
     </span>
     <span class='ocr_line' id='line_1_22' title="bbox 80 2460 1098 2552; baseline -0.002 -20"><span class='ocrx_word' id='word_1_163' title='bbox 80 2492 155 2533; x_wconf 93' lang='grc' dir='ltr'><strong><em>νειν</em></strong></span> <span class='ocrx_word' id='word_1_164' title='bbox 179 2468 214 2533; x_wconf 89' lang='grc' dir='ltr'><strong><em>οί</em></strong></span> <span class='ocrx_word' id='word_1_165' title='bbox 235 2465 447 2552; x_wconf 83' lang='grc' dir='ltr'><strong><em>διαμένοντες</em></strong></span> <span class='ocrx_word' id='word_1_166' title='bbox 469 2460 562 2530; x_wconf 83' lang='grc' dir='ltr'><strong><em>εὖνοι</em></strong></span> <span class='ocrx_word' id='word_1_167' title='bbox 585 2473 624 2550; x_wconf 78' lang='grc' dir='ltr'><strong><em>τή</em></strong></span> <span class='ocrx_word' id='word_1_168' title='bbox 647 2468 742 2531; x_wconf 87' lang='grc' dir='ltr'><strong><em>πόλει</em></strong></span> <span class='ocrx_word' id='word_1_169' title='bbox 760 2462 817 2530; x_wconf 86' lang='grc' dir='ltr'><strong><em>καὶ</em></strong></span> <span class='ocrx_word' id='word_1_170' title='bbox 835 2464 1010 2549; x_wconf 80' lang='grc' dir='ltr'><strong><em>μέλλοντες</em></strong></span> <span class='ocrx_word' id='word_1_171' title='bbox 1030 2467 1098 2530; x_wconf 88' lang='grc' dir='ltr'><strong><em>ίσο-</em></strong></span> 
     </span>
     <span class='ocr_line' id='line_1_23' title="bbox 81 2568 754 2658; baseline -0.006 -20"><span class='ocrx_word' id='word_1_172' title='bbox 81 2583 212 2658; x_wconf 81' lang='grc' dir='ltr'><strong><em>μοιρείν</em></strong></span> <span class='ocrx_word' id='word_1_173' title='bbox 233 2574 314 2657; x_wconf 82' lang='grc' dir='ltr'><strong><em>ήμῑν</em></strong></span> <span class='ocrx_word' id='word_1_174' title='bbox 336 2581 447 2636; x_wconf 82' lang='grc' dir='ltr'><strong><em>κακῶν</em></strong></span> <span class='ocrx_word' id='word_1_175' title='bbox 468 2593 505 2635; x_wconf 87' lang='grc' dir='ltr'><strong><em>τε</em></strong></span> <span class='ocrx_word' id='word_1_176' title='bbox 527 2568 583 2636; x_wconf 84' lang='grc' dir='ltr'><strong><em>καὶ</em></strong></span> <span class='ocrx_word' id='word_1_177' title='bbox 607 2569 754 2653; x_wconf 88' lang='grc' dir='ltr'><strong><em>ἀγαθῶν.</em></strong></span> 
     </span>
    </p>

    <p class='ocr_par' dir='ltr' id='par_1_7' title="bbox 80 2672 1140 3189">
     <span class='ocr_line' id='line_1_24' title="bbox 149 2672 1097 2761; baseline 0 -17"><span class='ocrx_word' id='word_1_178' title='bbox 149 2679 280 2744; x_wconf 87' lang='lat' dir='ltr'>LXVII.</span> <span class='ocrx_word' id='word_1_179' title='bbox 321 2672 421 2743; x_wconf 84' lang='grc' dir='ltr'><strong><em>Ταῦτ’</em></strong></span> <span class='ocrx_word' id='word_1_180' title='bbox 452 2679 600 2754; x_wconf 89' lang='grc' dir='ltr'><strong><em>είπόντες</em></strong></span> <span class='ocrx_word' id='word_1_181' title='bbox 632 2676 793 2743; x_wconf 86' lang='grc' dir='ltr'><strong><em>διέλυσαν</em></strong></span> <span class='ocrx_word' id='word_1_182' title='bbox 824 2677 884 2741; x_wconf 87' lang='grc' dir='ltr'><strong><em>τὸν</em></strong></span> <span class='ocrx_word' id='word_1_183' title='bbox 916 2677 1097 2761; x_wconf 90' lang='grc' dir='ltr'><strong><em>σύλλογον·</em></strong></span> 
     </span>
     <span class='ocr_line' id='line_1_25' title="bbox 80 2782 1098 2869; baseline 0 -19"><span class='ocrx_word' id='word_1_184' title='bbox 80 2796 153 2862; x_wconf 79' lang='grc' dir='ltr'><strong><em>ταῖς</em></strong></span> <span class='ocrx_word' id='word_1_185' title='bbox 185 2783 216 2850; x_wconf 79' lang='grc' dir='ltr'><strong><em>δ’</em></strong></span> <span class='ocrx_word' id='word_1_186' title='bbox 244 2784 317 2869; x_wconf 78' lang='grc' dir='ltr'><strong><em>ἑξής</em></strong></span> <span class='ocrx_word' id='word_1_187' title='bbox 343 2782 481 2868; x_wconf 88' lang='grc' dir='ltr'><strong><em>ήμέραις</em></strong></span> <span class='ocrx_word' id='word_1_188' title='bbox 509 2788 727 2869; x_wconf 82' lang='grc' dir='ltr'><strong><em>παραγγεῖλαι</em></strong></span> <span class='ocrx_word' id='word_1_189' title='bbox 753 2784 968 2860; x_wconf 89' lang='grc' dir='ltr'><strong><em>κελεύσαντες</em></strong></span> <span class='ocrx_word' id='word_1_190' title='bbox 995 2785 1098 2850; x_wconf 86' lang='grc' dir='ltr'><strong><em>ἀπασι</em></strong></span> 
     </span>
     <span class='ocr_line' id='line_1_26' title="bbox 80 2887 1140 2975; baseline 0.001 -19"><span class='ocrx_word' id='word_1_191' title='bbox 80 2902 152 2968; x_wconf 82' lang='grc' dir='ltr'><strong><em>τοῖς</em></strong></span> <span class='ocrx_word' id='word_1_192' title='bbox 178 2893 262 2957; x_wconf 78' lang='grc' dir='ltr'><strong><em>κατὰ</em></strong></span> <span class='ocrx_word' id='word_1_193' title='bbox 287 2893 366 2966; x_wconf 83' lang='grc' dir='ltr'><strong><em>τοὺς</em></strong></span> <span class='ocrx_word' id='word_1_194' title='bbox 393 2889 517 2975; x_wconf 88' lang='grc' dir='ltr'><strong><em>ἀγροὺς</em></strong></span> <span class='ocrx_word' id='word_1_195' title='bbox 545 2887 601 2955; x_wconf 78' lang='grc' dir='ltr'><strong><em>καί</em></strong></span> <span class='ocrx_word' id='word_1_196' title='bbox 629 2891 670 2954; x_wconf 82' lang='grc' dir='ltr'><strong><em>τὰ</em></strong></span> <span class='ocrx_word' id='word_1_197' title='bbox 693 2889 840 2974; x_wconf 93' lang='grc' dir='ltr'><strong><em>φρούρια</em></strong></span> <span class='ocrx_word' id='word_1_198' title='bbox 862 2900 1018 2975; x_wconf 81' lang='grc' dir='ltr'><strong><em>παρεῖναι</em></strong></span> <span class='ocrx_word' id='word_1_199' title='bbox 1040 2889 1140 2957; x_wconf 64' lang='grc' dir='ltr'><strong><em>καίεο</em></strong></span> 
     </span>
     <span class='ocr_line' id='line_1_27' title="bbox 80 2993 1097 3083; baseline -0.004 -20"><span class='ocrx_word' id='word_1_200' title='bbox 80 3007 121 3083; x_wconf 77' lang='grc' dir='ltr'><strong><em>τῇ</em></strong></span> <span class='ocrx_word' id='word_1_201' title='bbox 149 2999 254 3081; x_wconf 79' lang='grc' dir='ltr'><strong><em>βουλή</em></strong></span> <span class='ocrx_word' id='word_1_202' title='bbox 281 2996 589 3080; x_wconf 88' lang='grc' dir='ltr'><strong><em>προαγορεύσαντες</em></strong></span> <span class='ocrx_word' id='word_1_203' title='bbox 616 2996 710 3078; x_wconf 89' lang='grc' dir='ltr'><strong><em>ήκειν</em></strong></span> <span class='ocrx_word' id='word_1_204' title='bbox 738 2995 786 3070; x_wconf 87' lang='grc' dir='ltr'><strong><em>είς</em></strong></span> <span class='ocrx_word' id='word_1_205' title='bbox 807 2995 870 3078; x_wconf 86' lang='grc' dir='ltr'><strong><em>τήν</em></strong></span> <span class='ocrx_word' id='word_1_206' title='bbox 894 2994 998 3080; x_wconf 86' lang='grc' dir='ltr'><strong><em>αύτήν</em></strong></span> <span class='ocrx_word' id='word_1_207' title='bbox 1020 2993 1097 3079; x_wconf 88' lang='grc' dir='ltr'><strong><em>ήμέ-</em></strong></span> 
     </span>
     <span class='ocr_line' id='line_1_28' title="bbox 81 3096 1098 3189; baseline -0.005 -20"><span class='ocrx_word' id='word_1_208' title='bbox 81 3127 157 3189; x_wconf 90' lang='grc' dir='ltr'><strong><em>ραν,</em></strong></span> <span class='ocrx_word' id='word_1_209' title='bbox 180 3102 293 3186; x_wconf 84' lang='grc' dir='ltr'><strong><em>ἐπειδή</em></strong></span> <span class='ocrx_word' id='word_1_210' title='bbox 317 3099 508 3185; x_wconf 91' lang='grc' dir='ltr'><strong><em>κατέμαθον</em></strong></span> <span class='ocrx_word' id='word_1_211' title='bbox 531 3104 633 3186; x_wconf 82' lang='grc' dir='ltr'><strong><em>ὄχλου</em></strong></span> <span class='ocrx_word' id='word_1_212' title='bbox 652 3102 775 3186; x_wconf 87' lang='grc' dir='ltr'><strong><em>μεστήν</em></strong></span> <span class='ocrx_word' id='word_1_213' title='bbox 795 3096 901 3166; x_wconf 85' lang='grc' dir='ltr'><strong><em>οὖσαν</em></strong></span> <span class='ocrx_word' id='word_1_214' title='bbox 919 3103 981 3184; x_wconf 86' lang='grc' dir='ltr'><strong><em>τήν</em></strong></span> <span class='ocrx_word' id='word_1_215' title='bbox 998 3103 1098 3164; x_wconf 89' lang='grc' dir='ltr'><strong><em>πόλιν</em></strong></span> 
     </span>
    </p>
   </div>
   <div class='ocr_carea' id='block_1_6' title="bbox 82 3287 1098 3435">
    <p class='ocr_par' dir='ltr' id='par_1_8' title="bbox 82 3287 1098 3435">
     <span class='ocr_line' id='line_1_29' title="bbox 153 3287 1097 3367; baseline -0.007 -17"><span class='ocrx_word' id='word_1_216' title='bbox 153 3302 169 3350; x_wconf 87' lang='lat'><strong>3</strong></span> <span class='ocrx_word' id='word_1_217' title='bbox 190 3294 392 3367; x_wconf 86' lang='grc' dir='ltr'><strong><em>βουλεύσοντας</em></strong></span> <span class='ocrx_word' id='word_1_218' title='bbox 405 3294 428 3346; x_wconf 94' lang='grc' dir='ltr'>Β</span> <span class='ocrx_word' id='word_1_219' title='bbox 457 3293 663 3366; x_wconf 85' lang='grc' dir='ltr'><strong><em>βουλεύσαντας</em></strong></span> <span class='ocrx_word' id='word_1_220' title='bbox 676 3294 702 3347; x_wconf 86' lang='lat' dir='ltr'>R</span> <span class='ocrx_word' id='word_1_221' title='bbox 757 3298 775 3345; x_wconf 84' lang='lat'>4</span> <span class='ocrx_word' id='word_1_222' title='bbox 794 3289 865 3362; x_wconf 69' lang='grc' dir='ltr'><strong><em>μηδὲ</em></strong></span> <span class='ocrx_word' id='word_1_223' title='bbox 879 3287 940 3344; x_wconf 86' lang='grc' dir='ltr'><strong><em>τότε</em></strong></span> <span class='ocrx_word' id='word_1_224' title='bbox 956 3306 979 3344; x_wconf 89' lang='grc' dir='ltr'><strong><em>ο.</em></strong></span> <span class='ocrx_word' id='word_1_225' title='bbox 993 3289 1097 3343; x_wconf 81' lang='lat' dir='ltr'>Reiske</span> 
     </span>
     <span class='ocr_line' id='line_1_30' title="bbox 82 3359 1098 3435; baseline -0.008 -14"><span class='ocrx_word' id='word_1_226' title='bbox 82 3373 115 3421; x_wconf 90' lang='lat'><strong><em>18</em></strong></span> <span class='ocrx_word' id='word_1_227' title='bbox 136 3361 321 3435; x_wconf 74' lang='grc' dir='ltr'><strong><em>ἐξαιρεθῆναι</em></strong></span> <span class='ocrx_word' id='word_1_228' title='bbox 344 3381 367 3420; x_wconf 90' lang='grc' dir='ltr'><strong><em>ο,</em></strong></span> <span class='ocrx_word' id='word_1_229' title='bbox 391 3363 536 3433; x_wconf 77' lang='lat' dir='ltr'>Kiessling</span> <span class='ocrx_word' id='word_1_230' title='bbox 558 3364 722 3418; x_wconf 74' lang='lat' dir='ltr'>dubitanber</span> <span class='ocrx_word' id='word_1_231' title='bbox 794 3369 827 3416; x_wconf 81' lang='lat'><strong><em>21</em></strong></span> <span class='ocrx_word' id='word_1_232' title='bbox 849 3359 989 3415; x_wconf 83' lang='grc' dir='ltr'><strong><em>εύνοίαΒ</em></strong></span> <span class='ocrx_word' id='word_1_233' title='bbox 1063 3366 1098 3413; x_wconf 80' lang='lat'><strong><em>24</em></strong></span> 
     </span>
    </p>
   </div>
   <div class='ocr_carea' id='block_1_7' title="bbox 79 3435 231 3508">
    <p class='ocr_par' dir='ltr' id='par_1_9' title="bbox 79 3435 231 3508">
     <span class='ocr_line' id='line_1_31' title="bbox 79 3435 231 3508; baseline 0 0"><span class='ocrx_word' id='word_1_234' title='bbox 79 3435 188 3508; x_wconf 71' lang='grc' dir='ltr'><strong><em>δοέοᾱε</em></strong></span> <span class='ocrx_word' id='word_1_235' title='bbox 205 3437 231 3489; x_wconf 80' lang='grc' dir='ltr'><strong>Α</strong></span> 
     </span>
    </p>
   </div>
   <div class='ocr_carea' id='block_1_8' title="bbox 0 0 1212 3840">
    <p class='ocr_par' dir='ltr' id='par_1_10' title="bbox 0 0 1212 3840">
     <span class='ocr_line' id='line_1_32' title="bbox 0 0 1212 3840; baseline 0 1"><span class='ocrx_word' id='word_1_236' title='bbox 0 0 1212 3840; x_wconf 95' lang='lat' dir='ltr'><strong><em> </em></strong></span> 
     </span>
    </p>
   </div>
  </div>
 </body>
</html>
