2414 3840
98 195 161 259 118
523 198 685 246 -Δ-

162 356 293 422 LXXII.
325 352 381 433 Ὡς
408 352 445 420 δὲ
473 353 561 421 τοῦτ’
583 357 732 440 ἥκουσαν
759 357 915 440 ἅπαντες,
944 353 1114 444 ἐπῄνεσάν

96 489 130 529 τε
156 462 211 530 καὶ
235 464 279 540 ὡς
302 462 366 528 ἀπὸ
388 467 490 546 καλῆς
512 461 705 540 ὑποθέσεως
728 461 914 550 ἀρξάμενον
937 461 993 528 καὶ
1015 466 1159 549 veui-812

97 594 161 653 μου
193 571 234 635 τά
262 571 360 635 λοιπδι
388 568 498 654 λέγειν
526 569 629 634 αὐτὸν
655 568 782 652 ἠξίουν.
828 569 980 647 κάκεῖνος
1008 564 1111 653 εἶπεν,

94 674 224 760 Ἐπειδὴ
253 684 355 741 ταῦτα
383 676 470 742 οὕτω
499 677 655 760 πράττειν
678 675 758 760 ὑμῖν
781 677 883 759 δοκεῖ,
906 676 1112 761 σκοπώμεθα

70 782 212 865 οπάλιν,
236 784 286 859 τίς
309 782 372 866 <ἡ>
395 784 456 867 τὴν
478 784 578 847 πόλιν
601 781 885 868 ἐπιτροπεύσουσα
907 781 990 869 ἀρχὴ
1015 786 1113 868 γενη-

97 905 188 954 σεται
211 890 292 972 μετὰ
313 889 376 972 την
394 889 574 954 κατάλυσιν
593 898 660 953 τῶν
679 886 843 970 βασιλέων
860 885 917 954 καὶ
935 888 1001 954 ὑπὸ
1019 892 1112 967 τίνος

97 995 333 1080 ἀποδειχθεῖσα
362 994 499 1081 ἀνδρός,
531 992 587 1059 καὶ
614 996 662 1059 ἔτι
688 997 868 1081 πρότερον,
902 995 993 1072 όστις
1019 997 1113 1062 ἔσται

96 1106 262 1178 πολιτείας
291 1103 428 1186 κόσμος,
462 1100 502 1166 ὃν
535 1099 816 1186 ἀπαλλαττόμενοι
848 1110 909 1166 τοῦ
940 1102 1113 1188 τυράννου

96 1209 378 1292 καταστησόμεθα.
408 1210 672 1291 ,βεβουλεῦσθαι
707 1209 771 1294 χάρ
804 1209 933 1274 ἅπαντα
965 1207 1113 1292 βέλτιον,

58 1330 84 1371 1⁰
97 1312 177 1399 πρὶν
201 1312 376 1399 ἐπιχειρεῖν
400 1315 485 1400 ἔργῳ
503 1315 675 1401 τηλικῷδε,
698 1312 754 1379 καλ
772 1312 878 1398 μηδὲν
896 1313 1115 1394 ἀνεξέταστον

97 1421 258 1505 ἀφεῖσθαι
281 1415 364 1504 μηδὲ
387 1418 665 1505 ἀπροβούλευτον.
706 1418 946 1505 ἀποφαινέσθω
971 1421 1013 1504 δὴ
1038 1418 1115 1506 περὶ

61 1527 224 1592 2τούτων
253 1524 388 1602 ἕκαστος
410 1525 505 1610 ὑμῶν
529 1524 549 1590 θ
572 1537 701 1612 φρονεῖ.
742 1527 838 1591 Μετά
861 1522 952 1591 τοῦτ’
975 1524 1116 1611 ἐλέχθη-

97 1651 160 1699 σαν
187 1629 305 1697 πολλοὶ
332 1629 387 1698 καὶ
414 1633 503 1717 παρά
530 1637 664 1697 πολλῶν
691 1634 794 1716 λόχοι.
840 1631 949 1698 έδόκει
978 1629 1015 1696 δὲ
1044 1643 1116 1710 τοῖς

97 1736 157 1825 μὲν
181 1738 356 1822 βασιλικὴν
380 1731 480 1814 αὖθις
498 1741 771 1821 καταστήσασθαι
789 1739 960 1803 πολιτείαν
979 1737 1115 1824 ἐξαριθ-

58 1862 83 1903 15
97 1843 290 1930 μουμένοις,
320 1844 382 1908 ὅσα
410 1844 471 1927 τὴν
497 1845 596 1909 πόλιν
618 1842 778 1928 ἐποίησαν
801 1843 913 1926 ἀγαθὰ
936 1845 1059 1922 πάντες
1082 1847 1119 1912 οί

96 1953 252 2037 πρότεροι
280 1954 439 2033 βασιλεῖς·
475 1959 546 2026 τοῖς
576 1946 613 2014 δὲ
636 1949 750 2034 μηκέτι
772 1961 882 2016 ποιεῖν
905 1945 958 2034 ἐφ’
981 1948 1032 2016 ἑνὶ
1058 1952 1115 2017 δυ-

96 2057 200 2144 νάστη
224 2059 264 2122 τά
287 2057 384 2122 κοινά
406 2056 464 2133 τάς
486 2057 687 2141 τυραννικάς
709 2055 869 2134 διεξιοῦσι
891 2060 1115 2142 παρανομίας,

98 2156 149 2241 αἷς
181 2165 276 2228 ἀλλοι
306 2187 341 2228 τε
371 2159 489 2228 πολλοὶ
516 2163 599 2227 κατὰ
625 2173 693 2227 τῶν
722 2163 818 2227 ίδίων
845 2167 990 2228 πολιτῶν
1019 2164 1116 2250 ἐχρή-

97 2288 199 2337 σαντο
222 2268 277 2336 καὶ
296 2269 480 2354 Ταρκύνιος
502 2273 675 2351 τελευτῶν,
699 2267 782 2334 ἀλλά
799 2271 837 2335 τὸ
856 2267 1037 2354 συνέδριον
1055 2278 1159 2354 τηςθιι

58 2396 84 2435 20
97 2381 220 2462 βουλῆς
243 2376 399 2441 ἁπάντων
422 2372 592 2452 ἀποδεῖξαι
615 2376 735 2461 κόριον
757 2375 801 2452 ῶς
824 2375 862 2441 έν
884 2380 1022 2452 πολλαῖς
1046 2387 1115 2442 τῶν

63 2480 298 2567 3Ἑλληνίδων
333 2485 477 2548 πόλεων·
525 2481 560 2547 οί
594 2477 631 2546 δὲ
667 2482 796 2565 τούτων
832 2478 893 2566 μὲν
930 2479 1116 2568 οὐδετέραν

97 2597 307 2674 προηροῦντο
330 2597 398 2652 τῶν
421 2592 611 2670 πολιτειῶν,
641 2588 865 2674 δημοκρατίαν
889 2583 927 2652 δὲ
950 2591 1116 2671 συνεβού-

98 2700 199 2760 λευον
222 2695 331 2780 ὥσπερ
352 2688 513 2776 Ἀθήνησι
535 2702 746 2778 καταστῆσαι,
769 2693 828 2770 τάς
845 2693 958 2779 ὕβρεις
981 2691 1038 2758 καὶ
1057 2695 1115 2772 τάς

98 2799 289 2878 πλεονεξίας
317 2809 384 2864 τῶν
407 2798 532 2881 ὀλίγων
554 2802 802 2885 προφερόμενοι
824 2796 880 2864 καὶ
902 2799 960 2876 τάς
983 2801 1117 2878 στάσεις

60 2923 85 2966 25
98 2908 157 2983 τάς
183 2904 361 2991 γινομένας
388 2915 457 2981 τοῖς
484 2916 651 2983 ταπεινοῖς
678 2907 760 2991 πρὸς
786 2907 865 2983 τοὺς
893 2904 1117 2991 ὑπερέχοντας

169 3174 187 3222 4
205 3170 271 3240 ὑμῖν
292 3164 385 3224 ἐδόκει
402 3167 428 3221 Α
463 3167 530 3238 ἡμῖν
549 3168 668 3224 δοκεῖΒ
755 3174 771 3223 5
789 3168 807 3238 ἡ
827 3167 891 3223 add.
910 3166 1015 3222 Raeiske
1031 3170 1038 3235 Ι
1055 3164 1117 3224 ἐπι-

99 3241 291 3313 τροπεύσουσα
309 3239 335 3293 Α
361 3235 620 3309 έπιτροπεόονσοιΒ
676 3237 749 3294 λάτι
762 3239 905 3310 πρότερον
919 3239 967 3293 Ba
996 3245 1028 3293 11
1044 3240 1117 3295 ἀπο-

100 3311 289 3385 φ<αι>νέσθω
308 3311 331 3364 Β
387 3317 420 3366 13
438 3310 535 3366 πολλοὶ
553 3310 602 3365 καί
616 3309 752 3382 διάφοροι
765 3310 844 3382 παρὰ
857 3314 966 3366 πολλῶν
982 3326 1005 3366 ο,
1019 3309 1116 3365 Kiess·

100 3383 169 3453 ling,
188 3383 267 3453 prob.
286 3383 401 3451 Kayser,
421 3381 470 3436 καί
489 3381 543 3436 del.
565 3381 652 3437 Cobet
672 3381 737 3436 obs.
756 3399 783 3451 p.
804 3387 837 3437 91
910 3386 945 3436 25
963 3379 1117 3451 γινομένας

99 3454 175 3507 ABb
211 3453 364 3525 γενομένας
382 3453 429 3506 Ba
