2414 3840
494 182 655 232 -5-
1019 182 1085 247 363

67 344 134 427 ἐγὼ
163 347 316 426 λείπομαι
345 353 411 406 τῶν
435 341 708 409 ἐναντιωθέντων
730 346 813 430 πρὸς
835 346 893 420 τὰς
917 346 1086 422 διαλύσεις
1117 354 1122 359 “

67 451 209 526 ἐκείνοις
231 445 261 513 τ’
284 448 432 532 ἀπεχθὴς
456 447 624 531 διαμένων
646 448 701 515 καὶ
719 450 801 533 ὑμῖν
820 447 921 515 οὐδέν
940 452 989 515 ἔτι
1006 453 1085 536 χρή-

67 574 166 640 σιμος
195 557 252 620 ὥν.
294 555 335 618 οὐ
361 555 427 639 μὴν
453 556 508 618 διδι
530 556 633 619 ταῦτά
655 553 686 638 γ’
709 556 937 640 ἀποστήσομαι
959 566 1027 621 τῶν
1050 557 1119 636 ἐξ2

67 662 171 748 ἀρχῆς
194 658 415 744 ἐγνωσμένων
439 656 519 725 οὐδὲ
541 663 727 739 καταλείψω
751 663 812 746 την
834 662 928 741 τάξιν
950 672 1008 747 τῆς
1026 686 1085 729 πο-

66 771 191 844 λιτείας
214 766 308 832 ἑκών.
355 767 422 854 ὅσῳ
447 763 477 831 δ’
500 765 542 831 δν
566 767 763 854 ἐρημότερος
786 767 931 852 γένωμαι
954 780 1021 835 τῶν
1044 773 1106 836 τάε

67 874 154 939 αὐτά
168 897 225 958 μοι
238 871 483 956 προελομένων,
502 874 651 960 τοσούτῳ
665 875 857 974 τιμιώτερος
873 875 954 957 ὑμῖν
968 878 1088 960 ἔσομαί

67 978 142 1046 ποτ’
165 980 202 1045 ἐν
229 983 354 1067 χρόνῳ,
383 977 438 1043 καὶ
463 977 631 1063 περιέσται
654 1003 711 1062 μοι
735 984 831 1058 ζῶντι
854 977 915 1064 μὲν
939 983 1083 1066 ἔπαινος,

66 1087 301 1168 τελευτήσαντι
325 1078 359 1148 δ’
380 1084 400 1167 ἡ
423 1087 597 1170 παράτῶν
616 1083 856 1168 ἐπιγινομένων
874 1089 995 1170 μνήμη.
1032 1093 1082 1171 είη

69 1189 131 1277 μὲν
155 1186 228 1274 οὖν,
253 1187 485 1256 ὦΚαπετώλιε
501 1195 566 1255 Ζεῦ
589 1190 645 1256 καὶ
667 1190 744 1257 θεοὶ
766 1195 893 1268 πόλεως
912 1192 1085 1259 ἐπίσκοποι

22 1308 127 1383 [amp
158 1295 316 1382 ἡμετέρας
347 1295 454 1382 ἥρωές
482 1321 517 1362 τε
544 1295 598 1363 καί
627 1300 797 1383 δαίμονες,
831 1297 905 1364 ὅσοι
932 1307 995 1383 γῆν
1023 1301 1084 1384 τὴν
1095 1325 1121 1365 10

65 1402 236 1489 Ῥωμαίων
260 1403 412 1488 ἐφορᾶτε,
435 1405 517 1488 καλὴ
541 1402 596 1469 καὶ
620 1404 838 1490 συμφέρουσα
857 1413 959 1471 πᾶσιν
977 1406 998 1489 ἡ
1017 1417 1085 1471 τῶν

69 1511 234 1597 φυγάδων
261 1510 424 1592 κάθοδος,
452 1507 508 1574 καὶ
535 1513 721 1593 ψευσθείην
749 1509 813 1592 ἐγὼ
836 1522 904 1575 τῶν
928 1510 1083 1595 ἐλπίδων,

69 1617 109 1695 ἃς
132 1611 215 1702 ὑπὲρ
238 1623 299 1681 τοῦ
322 1613 501 1700 μέλλοντος
524 1617 586 1700 ἐγω
610 1617 743 1700 χρόνον.
780 1613 838 1679 ἐάν
862 1613 902 1679 δέ
918 1639 951 1679 τι
971 1617 1119 1685 δεινὸν3

70 1724 108 1790 ἐκ
125 1724 254 1788 τούτων
267 1721 435 1806 καταλάβη
449 1732 517 1786 τῶν
532 1720 768 1804 βουλευμάτων
781 1721 843 1804 τὴν
857 1723 969 1786 πόλιν·
993 1723 1085 1786 ἔσται

70 1827 109 1896 δέ
126 1837 226 1894 τοῦτο
245 1828 394 1912 φανερὸν
413 1826 475 1891 οὐκ
494 1827 540 1902 είς
554 1827 698 1911 μακράν·
721 1826 852 1903 τούτοις
871 1823 932 1910 μέν
951 1838 1085 1910 ταχεῖαν
1096 1852 1122 1893 15

69 1936 306 2018 ἐπανόρθωσιν
329 1929 423 1997 αὐτοὶ
449 1934 560 2015 δοίητε
583 1931 638 1996 καὶ
662 1934 829 2015 σωτηρίαν
849 1943 919 2009 τοῖς
937 1933 1086 2017 πράγμα-

72 2059 128 2107 σιν
155 2039 302 2121 άσφαλῆ,
331 2034 403 2122 ἐμοὶ
428 2032 473 2121 δ’,
502 2037 538 2114 δς
562 2032 633 2102 οὔτ’
655 2038 691 2103 έν
715 2039 803 2125 άλλφ
827 2046 930 2126 καιρῷ
955 2039 1085 2104 πώποτε

68 2148 110 2212 τὰ
128 2146 247 2228 ἥδιστα
266 2144 402 2228 είλόμην
420 2141 530 2226 λέγειν
549 2142 623 2208 ἀντὶ
641 2154 709 2209 των
729 2144 994 2228 ὠφελιμωτάτων
1009 2134 1086 2210 οὔτε

69 2259 135 2318 νῦν
153 2249 341 2333 προδίδωμι
359 2250 396 2313 τὸ
415 2251 531 2314 κοινὸν
552 2251 643 2314 ίδίαν
657 2254 965 2335 καταπραττόμενος
981 2250 1087 2335 άσφά-

69 2363 175 2439 λειαν,
194 2356 343 2440 εὐμενεῖς
361 2362 448 2439 είητε
467 2353 522 2420 καὶ
540 2359 703 2439 μειλίχιοι.
735 2362 830 2432 θεοῖς
848 2353 910 2440 μὲν
928 2358 968 2441 δὴ
983 2364 1086 2422 ταῦτα
1096 2329 1122 2456 ἐς

69 2466 224 2548 εὔχομαι,
258 2465 368 2545 λόγων
400 2463 463 2547 γάρ
493 2458 594 2527 οὐδὲν
621 2463 669 2526 ἔτι
697 2462 763 2527 δεῖ·
800 2463 938 2546 γνώμην
967 2460 1012 2546 δ’,
1044 2462 1087 2546 ἣν

69 2568 126 2636 καὶ
149 2572 312 2654 πρότερον
336 2567 577 2652 άποφαίνομαι,
600 2570 678 2645 τοὺς
701 2563 762 2652 μέν
785 2567 822 2632 ἐν
844 2576 884 2652 τῇ
902 2571 997 2633 πόλει
1017 2569 1087 2633 δια-

71 2674 233 2762 μένοντας
255 2686 322 2740 τῶν
342 2676 529 2759 δημοτικῶν
549 2673 711 2759 ἀφίεσθαι
728 2684 847 2759 χρεῶν,
869 2683 940 2750 τοῖς
959 2672 990 2738 δ’
1009 2674 1095 2744 ἀπο,

72 2783 205 2858 στάταις
230 2785 387 2864 πολεμεῖν
416 2780 524 2866 άπάση
553 2782 744 2867 προθυμία,
772 2778 854 2856 τέως
877 2777 919 2844 ἂν
944 2784 992 2846 ἔτι
1017 2782 1088 2847 δια-

70 2886 219 2974 μένωσιν
241 2887 279 2953 έν
301 2896 371 2963 τοῖς
394 2886 517 2963 ὅπλοις.
1098 2909 1123 2949 ει

145 3077 247 3134 4οίιδε
267 3077 518 3148 καταληψομαιὴ
485 3098 500 3132 τ
519 3098 536 3132 ν
551 3078 607 3147 γνά
629 3097 664 3146 ην
678 3086 727 3148 τῆς
740 3080 882 3141 πολιτείας
896 3079 919 3133 O
938 3080 1051 3147 praeter
1064 3077 1087 3130 B

72 3149 486 3310 {risssszrssfflfffiffiffi}
493 3149 596 3307 σζνάρ
614 3166 695 3274 ”⁶⁰3
708 3147 1089 3290 δῖἷῖίίῗίιίῷίίνλιῗ

73 3291 231 3382 γινομένων
249 3292 334 3361 vulgo
364 3287 621 3361 ε’πιγιγνομένωνο.
637 3289 738 3345 Garrer
753 3292 819 3346 Obs.
834 3308 861 3358 p.
876 3295 910 3343 43
966 3295 999 3342 22
1019 3307 1089 3357 προ-

73 3384 165 3490 {pppv
182 3364 243 3489 Βοὸ
318 3369 352 3417 23
377 3364 503 3433 ἀφίσθαι
525 3361 572 3415 Ba
609 3362 748 3432 ἀφεῖσθαι
771 3361 848 3414 ABb
871 3375 941 3412 corr
967 3350 1089 3428 Sylburg

151 3455 202 3498 εως
