2414 3840
92 164 156 228 318
521 164 682 215 -ς-

92 328 273 412 ρενόμενος
295 325 377 391 ὁδὸν
401 323 525 402 ἔλεξεν·
558 321 691 406 Ἐπειδὴ
714 325 751 388 τὸ
777 325 958 410 δημοτικὸν
978 332 1114 411 πλῆθος

93 432 129 498 ἐν
159 441 204 520 τῷ
237 434 442 517 παρελθόντι
475 431 614 517 ἐνιαυτῷ
646 433 842 516 προθυμίαν
872 435 1035 515 πλείστην
1066 435 1115 511 είς

92 541 171 615 τοὺς
189 534 272 624 ὑπὲρ
290 546 348 621 τῆς
365 539 492 614 πόλεως
511 537 642 621 ἀγῶνας
656 536 853 620 ἐπεδείξατο,
879 538 1115 617 Οὐολούσκοις

92 642 147 710 καί
167 639 360 727 Ἀρούγκοις
382 648 487 728 πολλῇ
511 651 648 730 στρατιᾷ
671 643 824 709 ἐπιοῦσιν
848 644 1113 730 ἀντιταξάμενον

68 773 81 814 ι
93 746 168 834 μεθ’
193 750 298 834 ἡμῶν,
323 755 434 834 οίομαι
458 750 530 814 δεῖν
553 753 632 826 τοῦς
656 749 908 836 συναραμένους
931 751 1013 835 ἡμῖν
1038 757 1113 819 τότε

93 853 147 920 καὶ
179 857 286 921 τῶνδε
317 866 385 920 τῶν
417 855 573 940 πολέμων
605 859 827 940 μετασχόντας
860 857 1024 941 ἀφεῖσθαι
1057 858 1114 925 καὶ

93 964 236 1047 μηδενὸς
267 961 378 1028 αὐτῶν
407 965 488 1047 μήτε
517 963 554 1026 τὸ
585 973 679 1047 σῶμα
707 966 787 1046 μήτε
814 964 876 1046 τὴν
900 964 1022 1030 οὐσίαν
1047 966 1113 1031 ὑπὸ

93 1079 160 1135 τῶν
189 1071 373 1135 δανειστῶν
400 1074 609 1155 κρατεῖσθαι·
640 1070 678 1133 τδ
707 1065 738 1141 δ.’
761 1068 842 1134 αὐτὸ
867 1071 1000 1136 δίκαιον
1024 1067 1115 1138 εἶναι

93 1173 148 1240 καὶ
171 1185 308 1258 γονεῦσι
331 1185 401 1252 τοῖς
423 1175 553 1239 τούτων
572 1176 648 1260 ἀχρι
665 1172 721 1240 καὶ
739 1176 895 1259 πάππων,
918 1174 975 1242 καὶ
994 1177 1114 1244 παισὶν

59 1280 156 1357 τοίως
188 1280 350 1364 ἐγγόνων·
385 1283 464 1358 τοὺς
495 1277 526 1345 δ’
554 1282 676 1358 ἀλλους
706 1281 896 1366 ἀγωγίμους
927 1277 1014 1348 εἶναι
1043 1296 1115 1362 τοῖς

59 1387 336 1470 2δεδαυεικόσιν,
361 1387 405 1463 ὡς
428 1385 577 1464 ἑκάστοις
598 1386 793 1472 συνέβαλον.
835 1390 932 1453 Μετδι
951 1385 1114 1456 δὲταῦτα

98 1496 194 1569 Τῖτος
217 1493 363 1579 Λάρκιος
386 1488 489 1559 εἶπεν·
523 1490 616 1579 Ἐμοὶ
640 1489 684 1577 δ’,
714 1490 740 1559 ὦ
763 1498 885 1578 βουλή,
918 1496 1013 1560 δοκεῖ
1034 1497 1165 1583 uod-112

93 1615 208 1664 τιστον
231 1601 275 1684 μὴ
300 1603 406 1685 μόνον
429 1603 508 1676 τοὺς
531 1599 567 1665 ἐν
585 1611 656 1677 τοῖς
673 1598 830 1685 πολέμοις
849 1600 1001 1684 ἀγαθοὺς
1018 1627 1114 1686 γενο·

94 1705 227 1790 μένους,
254 1706 337 1771 ἀλλά
359 1704 414 1771 καὶ
436 1708 496 1771 τὸν
520 1707 622 1772 ἀλλον
645 1707 773 1772 ἅπαντα
798 1709 905 1792 δῆμον
929 1706 1116 1795 ἐλεύθερον

59 1823 162 1878 ιετιῖιν
185 1815 400 1898 συμβολαίων
421 1812 590 1897 ἀφεῖσθαι.
628 1815 739 1897 μόνως
756 1816 820 1897 γαρ
839 1812 881 1877 δν
901 1813 1007 1891 οὕτως
1028 1816 1113 1900 ὅλην

93 1920 156 2002 τὴν
174 1922 273 1984 πόλιν
292 1918 504 2003 ὁμονοοῦσαν
524 1918 759 2004 ἐργασαίμεθα.
797 1922 914 2004 Τρίτος
933 1916 971 1984 δὲ
990 1927 1114 2008 παρελ-

93 2027 169 2090 θὼν
192 2023 334 2101 ’Ἀππιος
365 2025 535 2101 Κλαύδιος
568 2024 630 2109 <ὁ>
662 2027 724 2109 τὴν
759 2026 888 2091 ύπατον
925 2024 1034 2112 ἀρχὴν
1067 2037 1113 2116 τῷ

93 2134 298 2216 παρελθόντι
322 2133 386 2196 ἐτει
409 2132 499 2215 σχὼν
522 2130 644 2210 ἐλεξευ·

161 2236 348 2303 XXXVIII.
377 2232 443 2302 Ἀεὶ
466 2236 537 2322 μέν,
562 2233 588 2302 ὦ
608 2241 724 2322 βουλή,
748 2236 862 2314 όσάκις
879 2235 964 2325 ὑπὲρ
982 2241 1115 2307 τούτων

59 2343 267 2431 ιοπρούτέθη
292 2346 405 2427 λόγος,
434 2341 486 2408 ἐπὶ
509 2352 567 2428 τῆς
590 2344 692 2429 αὐτῆς
714 2341 781 2428 είμί
803 2344 949 2428 γνώμης,
974 2347 1019 2430 μὴ
1045 2347 1114 2413 ἐπι

94 2449 226 2536 τρέπειν
259 2458 304 2538 τῷ
338 2451 430 2536 δήμῳ
464 2447 570 2534 μηδὲν
602 2461 670 2515 τῶν
699 2448 922 2535 ἀξιουμένων,
956 2451 974 2515 ό
1003 2475 1038 2517 τι
1069 2454 1113 2537 μὴ

94 2561 239 2642 νόμιμον
272 2552 356 2640 μηδὲ
387 2558 506 2640 καλόν,
540 2560 620 2641 μήτε
649 2557 686 2620 τὸ
715 2558 873 2642 φρόνημα
899 2567 957 2641 τῆς
985 2561 1115 2636 πόλεως

95 2664 269 2745 ἐλαττοῦν,
300 2659 355 2727 καὶ
388 2659 469 2728 οὐδὲ
496 2671 561 2728 νῦν
588 2663 822 2747 μεταγινώσκω
851 2673 918 2728 τῶν
948 2663 981 2742 ἐξ
1010 2664 1115 2750 ἀρχῆς

95 2794 152 2855 μοι
184 2767 361 2854 φανέυτωυ
390 2768 505 2866 ούδέυ·
538 2768 558 2853 ἢ
586 2771 721 2834 πάντων
749 2767 791 2833 ἀν
819 2775 892 2853 είην
920 2769 1114 2857 ἀνθρώπων

60 2899 86 2938 ιι
96 2874 352 2962 ἀφρονέστατος,
376 2877 408 2940 εί
428 2875 547 2962 πέρυσι
571 2872 633 2960 μὲν
656 2877 780 2952 ὕπατος
804 2875 852 2940 ὢν
875 2875 1114 2962 ἀντιπράττον-

95 2986 151 3060 τός
169 3007 226 3068 μοι
244 2992 305 3048 τοῦ
323 2983 516 3050 σννυπάτου
535 2980 589 3048 καὶ
608 2984 667 3048 τὸν
686 2984 794 3067 δῆμον
814 2982 1018 3059 ἐπισείοντος
1038 2984 1113 3050 ἀντ-

166 3148 182 3196 3
206 3141 376 3208 ἀπεδείξατο
399 3140 446 3194 Ba
536 3147 552 3193 4
576 3140 747 3210 Αύρούοκοις
770 3138 792 3191 Β
884 3144 900 3193 5
920 3134 969 3209 ἐφ’
991 3141 1069 3210 ὑμῶν
1090 3139 1112 3194 Ο

95 3209 162 3282 μεθ’
183 3213 261 3283 ὑμῶν
286 3212 388 3280 Sylbur
480 3216 514 3264 10
534 3208 584 3272 ἕως
603 3206 634 3265 ἐκ
653 3209 770 3266 όνωνΑ
808 3207 859 3272 ἕως
877 3208 957 3279 ἡμῶν
976 3210 1025 3264 Ba
1063 3209 1113 3274 ἕως

95 3280 218 3355 ἐγγόνων
237 3283 283 3336 Bb
321 3281 372 3345 ἕως
388 3228 421 3352 ἐγ
440 3280 549 3350 όνωνὴ
630 3231 652 3336 ό
716 3288 748 3336 13
768 3279 877 3351 ἀνδρας
895 3282 962 3335 ante
982 3282 1113 3351 ἀγαθοὺς

94 3354 274 3410 inserendum
294 3370 355 3407 esse
374 3369 396 3407 ο.
417 3301 506 3408 &obet
526 3301 636 3422 Οδοῗνρ.
653 3358 703 3406 118
792 3357 825 3406 15
866 3350 922 3433 όγω
942 3383 976 3394 -
997 3351 1069 3407 οῦτω
1087 3353 1112 3404 Α

92 3432 128 3480 16
147 3426 387 3496 ἀπεργαταίμεθα
406 3440 428 3478 c.
447 3422 592 3492 KIessling
664 3429 696 3478 17
717 3421 732 3476 ὁ
751 3422 816 3478 αδδ.
862 3423 940 3477 emko
