2414 3840
521 184 684 233 -E-
1048 168 1111 235 167

90 349 222 415 ὕπατον
250 344 393 432 αἱρεῖται
421 345 574 428 Σπόριον
597 341 823 428 Λουκρήτιον,
853 337 890 415 ὃς
911 334 960 423 ζοδ
989 335 1114 410 πολλάς

91 452 217 541 ἡμέρας
244 453 307 536 τὴν
334 450 439 537 ἀρχήν
463 449 637 533 κατασχὼν
661 448 876 530 ἀποθνήσκει.
923 444 970 519 είς
993 438 1030 506 δὲ
1053 440 1113 505 τὸν

93 561 225 627 ἐκείνου
258 560 364 624 τόπον
395 559 574 639 καθίστησι
601 556 745 639 Μάρκον
767 549 935 639 Ὁράτιον,
968 546 1023 613 καί
1051 548 1113 630 τήν

43 668 205 732 εθοοίκίαν
226 664 292 729 ἀπὸ
311 670 373 729 τοῦ
391 663 500 747 λόφου
519 663 728 745 μετατίθεται
747 658 845 740 κάτω,
869 650 913 723 ἵν’
936 656 1021 740 ἐξείη
1036 650 1113 719 Ῥω-

92 775 217 856 μαίοις,
236 769 283 846 ὡς
301 768 401 845 αὐτὸς
420 766 640 851 ἐκκλησιάζων
660 769 736 850 ἔφη,
755 765 890 848 βάλλειν
910 763 1012 829 αὐτὸν
1027 764 1140 827 ἀνω-5

92 884 158 943 θεν
189 876 256 942 ἀπὸ
286 884 347 940 τοῦ
374 875 542 961 μετεώρου
569 885 640 951 τοῖς
667 877 792 954 λίθοις,
823 871 881 936 ἐάν
909 893 941 935 τι
963 870 1112 953 λάβωσιν

93 983 287 1049 ἀδικοῦντα.
334 984 472 1066 βεβαίαν
503 1004 539 1047 τε
570 982 683 1046 πίστιν
715 976 799 1065 ὑπὲρ
830 986 889 1061 τῆς
919 975 1147 1061 ἐλευθερίας3

93 1093 172 1167 τοὺς
202 1090 403 1173 δημοτικοὺς
431 1090 548 1171 λαβεῖν
570 1089 775 1171 βουλόμενος
798 1084 934 1168 ἀφεῖλεν
958 1082 1022 1147 ἀπὸ
1045 1092 1112 1146 τῶν

92 1196 233 1282 βάβδων
256 1197 336 1272 τοὺς
358 1193 515 1278 πελέκεις,
538 1192 594 1258 καί
611 1195 831 1275 κατεστήσατο
850 1201 920 1268 τοῖς
940 1186 1017 1274 μεθ’
1038 1188 1112 1255 ἑαυ-

93 1303 155 1368 τὸν
176 1301 317 1378 ὑπάτοις
340 1303 430 1383 ἔθος,
454 1300 472 1366 δ
495 1298 551 1365 καὶ
574 1298 669 1385 μέχρι
686 1307 744 1382 της
762 1298 841 1384 ἐμῆς
860 1295 1025 1382 διέμεινεν
1042 1296 1113 1380 ἡλι-
1128 1316 1154 1356 10

93 1411 178 1492 πίας,
206 1408 288 1473 ὅταν
312 1406 438 1486 ἔξωθεν
459 1415 518 1490 τής
540 1409 667 1482 πόλεως
689 1404 852 1488 γένωνται
875 1411 1021 1491 χρῆσθαι
1043 1414 1114 1480 τοῖς

92 1511 284 1598 πελέκεσιν,
313 1515 413 1580 ένδον
442 1510 478 1579 δὲ
506 1524 578 1590 ταῖς
600 1513 739 1599 ῥάβδοις
760 1519 960 1596 κοσμεῖσθαι
983 1511 1114 1596 μόναις·

93 1622 221 1704 νόμους
247 1644 283 1686 τε
306 1620 769 1706 φιλαυθρωποτάτουςέθετο
794 1622 955 1702 βοηθείας
977 1619 1148 1701 ἔχοντας4

92 1736 164 1803 τοῖς
199 1727 402 1811 δημοτικοῖς·
440 1725 499 1792 ἕνα
529 1725 605 1811 μέν,
639 1725 675 1790 ἐν
706 1716 732 1813 ᾧ
762 1724 947 1809 διαρρήδην
976 1721 1114 1787 ἀπεῖπεν

94 1833 241 1919 ἄρχοντα
268 1832 400 1918 μηδένα
427 1827 514 1898 εἶναι
532 1828 718 1916 Ῥωμαίων,
748 1831 784 1908 ὃς
807 1830 849 1896 ἀν
872 1831 916 1915 μή
939 1830 1028 1929 παρὰ
1051 1838 1113 1894 τοῦ
1127 1851 1153 1891 15

95 1940 207 2024 δήμου
230 1939 315 2025 λάβη
339 1941 401 2023 τήν
423 1939 544 2026 ἀρχήν,
572 1939 724 2004 θάνατον
747 1935 874 2014 ἐπιθείς
898 1939 1030 2021 ζημίαν,
1055 1936 1113 2002 έάν

93 2069 146 2123 τις
172 2047 263 2132 παρὰ
291 2055 395 2112 ταῦτα
421 2055 515 2132 ποιή,
548 2044 604 2112 καὶ
630 2048 690 2112 τὸν
718 2046 958 2111 ἀποκτείναντα
985 2045 1113 2109 τούτων

93 2155 171 2218 τινδι
195 2164 299 2219 ποιῶν
328 2152 458 2242 ἀθῷον·
494 2152 610 2239 ἕτερον
634 2150 679 2235 δ’,
704 2152 740 2218 έν
764 2143 790 2240 ᾧ
814 2152 1009 2237 γέγραπται,
1035 2148 1114 2216 Ἐάν

94 2283 147 2337 τις
174 2260 287 2344 ἀρχων
305 2255 475 2344 Ῥωμαίων
501 2260 577 2325 τινά
607 2259 814 2325 ἀποκτείνειν
841 2258 862 2342 ή
886 2266 1070 2343 μαστιγοῦν
1092 2256 1113 2341 ή

42 2369 238 2451 εειζημιοῦν
265 2367 313 2442 είς
333 2364 488 2453 ήχρήματα
511 2364 611 2452 θέλη,
640 2366 761 2444 ἐξεῖναι
783 2373 828 2454 τῷ
854 2366 968 2451 ίδιώτη
992 2386 1114 2450 προκα-
1128 2384 1156 2423 κο

95 2477 234 2538 λεῖσθαι
255 2473 318 2556 τήν
341 2470 446 2558 ἀρχὴν
470 2470 523 2538 ἐπὶ
540 2473 602 2556 τήν
620 2482 681 2538 τοῦ
700 2474 809 2558 δήμου
828 2473 950 2558 κρίσιν,
974 2471 1114 2556 πάσχειν

93 2575 126 2644 δ’
149 2578 189 2645 έν
211 2585 257 2666 τῷ
283 2577 404 2662 μεταξὺ
426 2581 536 2667 χρόνῳ
560 2577 666 2663 μηδὲν
688 2579 753 2644 ὑπὸ
776 2588 834 2663 τῆς
856 2578 967 2665 ἀρχῆς,
991 2577 1053 2657 ἕως
1071 2579 1113 2647 δν

92 2685 113 2751 ὁ
144 2685 252 2771 δῆμος
282 2681 367 2771 ὑπὲρ
395 2685 500 2751 αὐτοῦ
527 2690 721 2771 ψηφίσηται.
767 2685 802 2751 έκ
829 2687 958 2752 τούτων
985 2690 1149 2770 νίνεταιὸ

94 2801 166 2856 των
185 2791 435 2877 πολιτευμάτων
452 2794 561 2877 τίμιος
579 2803 648 2870 τοῖς
667 2795 868 2878 δημοτικοῖς,
891 2791 946 2859 καί
964 2797 1114 2861 τίθενται

95 2897 188 2984 αὐτῷ
214 2896 404 2983 ἐπωνύμιον
428 2901 657 2964 Ποπλικόλαν·
693 2907 792 2964 τοῦτο
815 2900 898 2964 κατά
920 2903 981 2985 τήν
999 2897 1114 2986 Ἑλλή-
1128 2918 1155 2959 εε

95 3027 170 3069 νων
193 3003 366 3087 διάλεκτον
385 3006 540 3089 βούλεται
560 3007 686 3089 δηλοῦν
706 3007 886 3092 δημοκηδή.
922 3005 978 3072 καί
996 3009 1036 3073 τά
1054 3005 1116 3093 μὲν

172 3161 262 3217 θδπδ
281 3161 328 3215 Ba
364 3161 420 3216 ἀπὸ
440 3161 516 3215 ABb
554 3162 669 3218 ἀνωθεν
692 3163 739 3217 vel
757 3163 813 3218 ἀπὸ
831 3172 881 3219 τοῦ
921 3165 1040 3235 ετεέιρου
1059 3163 1114 3218 del.

96 3233 202 3288 (ἕρπει’
221 3232 286 3289 obs.
305 3250 333 3301 p.
348 3239 382 3288 37
449 3239 480 3287 12
500 3240 629 3304 κοσμεῖεν
648 3232 780 3304 μάνωςΒ
843 3241 876 3290 13
896 3185 1024 3357 έήονταρὲ
1043 3252 1116 3299 παρ-

97 3302 216 3376 έχοντας
230 3320 253 3358 ε.
263 3302 408 3373 Kiessling
436 3303 557 3373 άηοντας
570 3322 593 3361 ο.
604 3304 776 3430 Grasberger
785 3305 951 3376 Philologus
966 3308 985 3359 t.
1023 3302 1115 3355 XVIII

98 3378 193 3446 (1869)
255 3379 307 3430 652
393 3381 432 3430 19
446 3373 583 3446 Ῥωμαῖόν
601 3396 665 3432 τινα
684 3393 707 3431 ο.
749 3375 816 3431 obet
835 3376 901 3431 obs.
920 3394 948 3444 p.
964 3379 997 3428 98
1018 3373 1023 3443 Ι
1043 3371 1116 3440 ἡμᾶς

96 3455 195 3518 τιηοῦν
212 3392 261 3501 δα
333 3452 367 3500 24
385 3448 515 3502 τίθενται
532 3447 555 3500 Β
