2414 3840
93 172 138 236 24
522 176 685 225 -Δ-

93 336 134 399 τά
162 329 223 419 μέν
250 336 366 399 παιδία
395 336 561 419 οἰχήσεται
583 333 645 416 τήν
663 335 762 398 πόλιν
784 331 865 418 ὑμῖν
887 333 1114 397 καταλιπόντα

94 438 149 506 καὶ
176 441 199 524 η
226 441 309 524 άλλη
336 440 527 526 Ταρκυνίου
556 437 745 523 συγγένεια·
778 438 842 522 ἐγὼ
871 434 904 502 δ’
936 436 1052 524 ἕτερόν
1079 461 1115 503 τι

96 547 321 631 βουλεύσομαι
338 549 574 632 γενναιότερον
592 542 675 632 ὑπὲρ
694 546 852 631 ἐμαυτοῦ·
876 547 1033 630 βεβίωται
1046 546 1114 631 γάρ

95 655 161 738 ήδη
185 678 242 738 μοι
264 651 319 718 καὶ
342 655 424 740 πρὸς
448 653 569 739 ἀρετήν
590 651 747 743 καὶπρὸς
765 651 921 732 εὐδοξίαν
939 652 1115 738 ἀποχρών-

68 777 160 836 οτως
191 757 246 825 καί
279 760 340 826 οὐκ
372 759 414 825 ἀν
446 757 621 844 ἀξιώσαιμι
651 768 709 844 τῆς
739 757 817 845 παρ’
849 758 944 843 ὑμῶν
976 758 1115 835 εὐνοίας

96 869 266 950 ψευσθείς,
284 866 328 949 ήν
347 864 421 932 ἀντὶ
439 868 562 943 παντὸς
581 867 718 951 εἱλόμην
732 866 876 951 ἀγαθοῦ,
896 869 953 950 ζῆν
968 866 1116 951 αίσχρῶς

97 970 134 1037 ἐν
158 974 271 1051 ἀλλοις
293 976 369 1038 τισί.
405 973 611 1059 παραλάβετε
635 975 676 1057 δή
699 976 757 1051 τάς
780 973 928 1060 ῥάβδους
949 969 1004 1037 καὶ
1024 972 1115 1055 δότε,

97 1080 130 1142 εί
144 1080 320 1162 βούλεσθε,
339 1088 409 1156 τοῖς
422 1081 620 1164 πατρικίοις·
644 1078 708 1160 ἐγδο
724 1073 754 1144 δ’
773 1078 853 1164 ὑμῖν
867 1079 929 1144 οὐκ
943 1077 1117 1162 ἐνοχλήσω

95 1185 223 1270 παρών.

58 1328 84 1367 ιο
164 1308 236 1374 XII.
277 1312 388 1373 Ταῦτα
417 1306 574 1390 λέγοντος
601 1309 705 1374 αὐτοῦ
727 1307 783 1374 καὶ
804 1317 1015 1395 παραχωρεῖν
1039 1308 1119 1374 οἵου

98 1437 134 1479 τε
166 1416 264 1491 ὄντος
293 1414 357 1479 ἀπὸ
387 1423 448 1480 τοῦ
475 1417 620 1499 βήματος
646 1417 775 1501 κραυγή
801 1437 837 1479 τε
864 1415 953 1500 παρὰ
978 1413 1118 1479 πάντων

101 1519 245 1599 ἐξαίσιος
267 1519 394 1603 ἐγίνετο
417 1520 473 1586 καὶ
493 1522 622 1603 δεήσεις
640 1518 836 1606 μεμιγμέναι
856 1521 1030 1606 δάκρυσιν,
1055 1519 1170 1586 ’ίνασθτ

100 1625 183 1713 μένη
206 1625 319 1693 τεκαὶ
343 1624 519 1713 διακατέχῃ
542 1629 582 1692 τά
605 1627 779 1713 πράγματα
801 1625 928 1712 μηδένα
947 1627 1117 1705 δεδοικώς.

102 1730 202 1802 ἔπειτ’
224 1733 436 1820 ἐγκέλευστοί
453 1758 542 1812 τινες
566 1735 773 1818 διειληφότες
795 1733 858 1816 τήν
876 1733 1003 1819 ἀγοράν
1022 1737 1120 1817 βασι-

61 1857 87 1899 15
101 1842 160 1908 λέα
191 1853 302 1907 ποιεῖν
329 1841 432 1907 αὐτὸν
459 1841 566 1925 ἐβόων
593 1839 650 1906 καὶ
677 1845 855 1924 συγκαλεῖν
881 1841 939 1916 τάς
967 1840 1121 1926 φράτρας

101 1948 219 2032 ήξίουν
241 1945 297 2012 καὶ
314 1956 431 2031 ψήφου
448 1946 561 2034 ᾔτουν.
594 1944 787 2032 ἀρξαμένων
807 1943 845 2011 δέ
861 1947 992 2011 τούτων
1010 1947 1121 2026 εὐθὺς

103 2055 121 2120 ὁ
155 2055 259 2139 δῆμος
290 2053 376 2130 ἀπας
408 2052 461 2118 ἐπὶ
492 2061 550 2137 τῆς
580 2053 682 2137 αὐτῆς
708 2051 932 2140 προαιρέσεως
959 2051 1121 2137 ἐγεγόνει.

65 2160 85 2224 2
100 2170 198 2227 τοῦτο
216 2159 421 2246 καταμαθὼν
441 2160 459 2225 ὁ
478 2161 618 2236 Τύλλιος
636 2157 747 2224 οὐκέτι
765 2167 890 2245 παρήκε
908 2160 968 2225 τὸν
985 2163 1119 2246 καιρόν,

104 2269 186 2334 ἀλλά
205 2269 329 2346 πολλάς
348 2266 461 2344 αὐτοῖς
480 2265 604 2332 εἰδέναι
619 2268 728 2351 φήσας
742 2266 886 2352 χάριτας,
907 2266 958 2331 ότι
971 2263 1119 2352 μέμνην-

60 2395 87 2434 ιο
100 2398 155 2441 ται
190 2385 257 2441 τῶν
294 2375 508 2461 εὐεργεσιῶν,
545 2370 600 2438 καὶ
637 2374 685 2437 ἐτι
717 2374 854 2438 πλείονα
887 2371 1121 2458 ὑποσχόμενος
1170 2378 1173 2382 ’

103 2482 214 2563 ἀγαθά
237 2483 405 2564 ποιήσειν,
434 2481 492 2546 ἐάν
515 2480 618 2545 αὐτὸν
642 2476 840 2556 ἀποδείξωσι
863 2477 1010 2563 βασιλέα,
1034 2501 1119 2566 προ-

103 2597 194 2653 εῖπεν
222 2585 349 2672 ήμέραν
377 2586 614 2672 ἀρχαιρεσιῶν,
643 2587 689 2662 είς
715 2585 759 2669 ήν
787 2582 937 2650 ἐκέλευσε
959 2583 1015 2651 καὶ
1038 2590 1121 2665 τοὺς

67 2692 139 2760 3ἐκ
161 2702 229 2757 τῶν
252 2691 364 2777 ἀγρῶν
388 2691 534 2767 ἅπαντας
556 2701 718 2776 παρεῖναι.
757 2694 983 2770 συνελθόντος
1001 2689 1039 2758 δέ
1055 2701 1123 2759 τοῦ

103 2802 211 2886 δήμου
243 2802 355 2863 καλῶν
386 2799 444 2874 τάς
476 2796 625 2882 φράτρας
656 2800 739 2862 κατά
766 2801 846 2884 μίαν
873 2797 1032 2864 ἀνεδίδου
1059 2801 1122 2877 τάς

62 2925 89 2966 ιε
102 2909 245 2991 ψήφους.
283 2903 424 2980 ἀπάσαις
452 2899 489 2968 δὲ
512 2913 582 2980 ταῖς
605 2905 769 2991 φράτραις
790 2902 920 2990 κριθεὶς
942 2914 1000 2989 τής
1023 2908 1120 2989 βασι-

175 3079 317 3152 ΙὺμῖνΒ
354 3079 475 3148 ὑμῶνΒ
552 3079 819 3204 ὂάξιάσ<οιιξμιΒ
896 3079 1076 3151 8Μαρκίοις
1095 3097 1118 3135 ο.

101 3151 246 3221 Kiessling
301 3157 335 3206 10
352 3155 531 3221 παραχωρεῖν
551 3149 603 3203 AB
619 3156 623 3220 Ι
640 3152 701 3205 οίου
737 3170 801 3213 νιος
820 3149 942 3205 Sintenis
959 3150 1020 3205 Em.
1034 3149 1121 3208 Dion.

102 3225 194 3280 11128
251 3229 283 3278 12
304 3217 411 3293 ἐγίνετο
429 3221 476 3276 Bb
513 3216 634 3290 ἐγείνετο
653 3221 700 3276 Ba
728 3216 838 3291 ἐγένετο
856 3223 882 3275 Β
938 3228 970 3276 13
990 3223 1027 3276 δι.
1048 3242 1120 3276 ακα-

102 3295 210 3368 τέχηΒ
273 3299 305 3349 16
325 3299 418 3348 ποιεῖν
441 3293 503 3347 δεῖν
526 3309 548 3346 c.
568 3293 670 3348 Portus
734 3299 767 3347 21
788 3292 917 3361 ποιήσειν
941 3292 1049 3347 add.B
1087 3289 1120 3348 εὖ

102 3368 231 3493 χτοιήσειν
250 3382 273 3421 ο.
293 3363 394 3420 Garrer
414 3362 478 3418 Obs.
497 3381 525 3432 p.
543 3370 576 3417 73
631 3370 666 3418 23
686 3358 717 3419 ἐκ
731 3363 794 3418 add.
810 3364 832 3416 Β
887 3370 922 3420 24
941 3366 1077 3420 ἀνεδίδου
1096 3364 1122 3416 Β

118 3441 199 3493 δίδου
217 3439 243 3491 R
