2414 3840
492 177 652 229 ..ς-

61 338 118 406 έπὶ
144 334 243 403 τοῦθ’
269 341 410 422 ήκουσιυ
440 336 519 402 οὐδὲ
551 347 616 404 νῦν
648 337 816 424 ἐπέρχεται
844 343 998 425 μετρίους
1024 339 1080 405 καὶ

63 445 330 530 φιλανθρώπους
347 450 519 509 ποιεῖσθαι
533 447 664 528 λόγους,
683 450 757 510 τίνα
771 447 833 532 χρή
849 447 961 511 δοκεῖν
975 470 1079 531 παρα·
1100 449 1102 454 ’

63 553 246 634 στήσεσθαι
271 550 439 632 διάνοιαν,
472 551 552 615 ὅταν
576 551 690 627 αὐτοῖς
711 549 782 616 κατ’
805 551 921 617 ἐλπίδα
944 555 1077 639 χωρήση

62 659 104 722 τά
127 656 312 739 πράγματα,
335 652 390 720 καὶ
413 654 548 739 γένηται
571 658 611 721 τά
633 666 698 722 νῦν
720 657 918 743 ὑβριζόμενα
937 669 1007 736 τοις
1025 663 1078 726 λό-

64 786 138 847 γοις
161 762 335 849 ὑποχείρια
357 770 427 838 τοϊς
445 763 568 844 έργοις;
593 766 690 839 ποίας
707 763 938 849 ὑπερηφανίας
956 765 1105 843 αὑτοὺςῠ

63 866 263 953 ἀφέξεσθαι,
287 870 384 944 ποίας
407 869 530 951 αίκίας,
553 871 650 945 ποίας
674 869 842 953 ὠμότητος
863 881 1078 955 τυραννικής;

63 970 136 1040 ἀλλ’
164 976 195 1038 εί
221 971 281 1059 μὲν
309 975 389 1059 ὑμῖν
417 973 544 1059 ἀπόχρη
574 976 747 1041 δουλεύειν
777 976 905 1041 άπαντα
932 977 991 1041 τὸν
1019 981 1115 1046 τού3

63 1083 142 1165 βίου
169 1084 294 1166 χρόνον
323 1076 513 1164 δεδεμένοις
539 1078 594 1145 καὶ
623 1080 899 1166 μαστιγουμένοις
920 1080 975 1146 καὶ
997 1082 1079 1170 πυρὶ

62 1185 121 1252 καὶ
143 1187 268 1275 σιδήρφ
287 1185 342 1252 καὶ
361 1192 447 1274 λιμῷ
466 1183 521 1251 καὶ
539 1187 627 1272 πάση
647 1188 737 1274 λώβη
758 1188 1009 1273 ἀπολλυμένοις,
1034 1191 1078 1274 μὴ

63 1295 193 1377 τρίβετε
216 1294 276 1358 τὸν
298 1295 433 1378 χρόνον,
457 1291 541 1358 ἀλλὰ
563 1294 603 1358 τά
626 1295 711 1360 ὅπλα
733 1293 889 1380 ῥίψαντές
905 1320 941 1362 τε
959 1294 1014 1362 καὶ
1032 1297 1079 1361 τὼ
1093 1317 1121 1357 ιο

62 1409 152 1484 χεῖρε
184 1400 442 1484 περιαγαγόντες
474 1397 691 1466 ἀκολουθεῖτε
723 1401 849 1478 αὐτοῖς·
891 1403 922 1467 εἰ
953 1398 990 1467 δὲ
1021 1413 1079 1488 τής

63 1504 259 1591 ἐλευθερίας
285 1506 413 1571 ἔνεστιν
441 1503 521 1590 ὑμῖν
546 1527 595 1582 τις
617 1510 740 1589 πόθος,
769 1508 812 1591 μή
837 1506 996 1591 ἀνέχεσθε
1020 1509 1079 1573 αύ-

62 1620 140 1676 τών.
185 1612 280 1695 ὑμεῖς
301 1609 344 1694 τ’,
369 1605 395 1675 ώ
418 1608 586 1696 πρέσβεις,
614 1612 634 1695 ή
658 1609 856 1695 λέγετε,·έφ’
879 1605 929 1688 οἷς
951 1618 1079 1679 καλεῖτε

62 1718 150 1801 ἡμᾶς
172 1719 328 1801 δικαίοις,
351 1716 371 1800 ή
395 1717 441 1801 μή
463 1715 614 1800 λέγοντες
638 1718 673 1783 ἐκ
695 1726 754 1801 τής
776 1716 948 1801 ἐκκλησίας
972 1720 1079 1785 άπιτε·

65 1824 108 1889 οὐ
129 1825 194 1907 γάρ
218 1822 260 1890 δυ
283 1827 341 1888 έτι.
354 1819 574 1908 μεταδοίημεν
597 1824 678 1909 ὑμίν
701 1827 813 1908 λόγου.
1093 1847 1119 1888 15

10 1946 63 1999 229
132 1929 312 1995 LXXXHI.
346 1925 402 2007 Ὡς
434 1924 465 1994 δ’
492 1929 671 2014 ἐπαύσατο,
703 1930 824 2008 πάντες
856 1932 891 1996 οί
919 1935 1080 2018 παρόντες

64 2036 322 2123 ἐπεθορύβησαν
349 2034 395 2111 ώς
420 2036 461 2100 τά
489 2033 608 2100 δέοντα
636 2034 858 2124 λελογισμένῳ
887 2052 1080 2120 συγκατατι·
1132 2087 1135 2092 .
1185 2035 1188 2042 ’

64 2141 204 2229 θέμενοι
245 2139 301 2207 καὶ
323 2142 404 2226 μετὰ
426 2150 525 2207 τοῦτο
548 2141 687 2227 ἡσυχίας
709 2141 891 2226 γενομένης
908 2144 1080 2225 Μενήνιος

61 2249 258 2335 Ἀγρίππας,
287 2249 389 2333 ὅσπερ
416 2246 472 2314 καὶ
499 2250 578 2325 τοὺς
603 2249 640 2314 έν
662 2257 702 2334 πή
726 2252 831 2332 βουλή
854 2251 974 2331 λόγους
995 2244 1079 2342 ὑπέρ

62 2365 126 2422 τοῦ
154 2356 262 2440 δήμου
291 2353 423 2420 διέθετο
450 2352 590 2419 καὶτοῦ
613 2361 810 2440 πεμφθήναι
833 2355 894 2437 τήν
918 2354 1078 2442 αύτοκρά-
1092 2375 1119 2414 νο

62 2483 147 2548 τορα
168 2464 350 2548 πρεσβείαν
366 2461 470 2546 <τήν>
488 2462 627 2545 γνώμην
650 2461 909 2545 ἀποφηνάμενος
929 2462 1079 2526 αίτιώτα-

62 2593 121 2645 τος
138 2563 191 2651 ήν,
212 2570 412 2652 διεσήμηνεν
430 2567 481 2632 ότι
499 2568 654 2651 βούλεται
672 2566 727 2632 καὶ
746 2567 845 2643 αὐτὸς
864 2568 976 2631 εἰπεῖν.
1008 2579 1079 2646 τοϊς

64 2672 102 2741 δὲ
120 2672 191 2742 κατ’
204 2675 316 2760 ,εὐχήν
334 2675 371 2738 τὸ
389 2683 523 2760 πρᾶγμα
542 2674 649 2759 ἐφάνη
669 2672 723 2739 καὶ
741 2674 826 2739 νυνί
838 2671 879 2756 γέ
894 2696 946 2738 τοι
965 2677 1075 2759 λόγων

63 2779 234 2866 ὑπέλαβον
256 2781 462 2846 ἀκούσεσθαι
485 2781 664 2865 συμβάσεις
687 2780 850 2864 ἀληθινάς
871 2778 927 2845 καὶ
945 2782 1079 2866 γνώμας

64 2891 250 2972 σωτηρίους
273 2887 400 2972 ἀμφοῖν
424 2885 589 2971 ἐχόντων.Ἰ
615 2884 670 2951 καὶ
692 2888 729 2951 τὸ
753 2882 815 2970 μέν
833 2897 966 2973 πρῶτον
985 2868 1120 2982 ἕπερ-Ξ5

64 2996 219 3081 ρόθησαν
237 2994 379 3070 ἅπαντες
398 2996 460 3077 βοή
475 2991 600 3078 μεγάλη
615 2992 723 3075 λε’γειν
737 2993 944 3070 κελεύοντες·
967 2996 1078 3058 ἔπειτα

138 3227 152 3274 1
174 3216 220 3276 ἐπὶ
238 3221 326 3293 τούτῳ
345 3238 368 3276 ο,
389 3219 511 3289 sylburg
567 3227 582 3274 2
601 3219 839 3290 παραστήσασθαι
857 3221 880 3274 Β
936 3227 952 3276 6
971 3219 1077 3294 αἰκίας]

64 3295 168 3355 κακίας
185 3291 232 3346 Bb
306 3289 496 3347 7*πάνταο
563 3296 595 3346 10
613 3291 662 3346 τὸν
682 3291 777 3346 om.B
848 3297 879 3346 11
898 3291 1080 3362 περιάγοντες

64 3363 88 3416 Β
182 3369 212 3417 1‘1
233 3361 466 3433 συλλελογισμένω
490 3379 512 3417 ο.
532 3361 635 3417 Reiske
726 3361 1080 3431 21n‘1vadd.Kiessling

65 3440 100 3489 25
120 3436 256 3504 σωτηρίας
276 3434 298 3489 O
318 3450 387 3489 corr.
408 3417 531 3503 Sylburg
572 3480 576 3488 .

119 3530 219 3573 Βιοιττεζ
233 3534 299 3574 Han.
312 3534 345 3573 11.
366 3542 405 3574 ιο.
419 3533 522 3574 λκυοεν.
886 3526 926 3575 δύο
