2414 3840
498 164 657 215 ,ς-

67 329 159 412 ὑμᾶς
187 327 308 402 αὐτοὺς
336 322 568 410 ἐπιτρέψαντες
594 333 663 402 τοῖς
686 323 841 390 ἁπάντων
865 326 1087 409 δημοτικωτά-

66 457 144 510 τοις
171 434 309 498 δοκοῦσι
336 429 391 496 καὶ
419 425 525 496 οὖσιν.
571 428 647 494 ὥστ’
671 430 712 495 ού
741 432 877 516 διδαχῆς
905 432 985 516 ὑμῖν
1015 434 1123 499 δεο-2

68 537 187 625 μένοις
210 538 261 603 ὅτι
284 537 513 621 βεβαιώσομεν
536 544 581 622 τῷ
607 536 699 622 δημφ
718 538 756 601 τὸ
775 535 967 621 ἐλεύθερον,
992 538 1087 625 οἵπερ

68 642 129 710 καὶ
152 642 186 721 ἐξ
209 644 311 731 ἀρχῆς
335 643 415 709 αὐτὸ
440 642 624 727 ἐδώκαμεν,
653 643 689 706 οί
713 645 808 727 λύγοι
831 646 979 728 ἐσονται,
1003 643 1088 710 ἀλλὰ

69 754 310 836 παρακλήσεως
342 752 489 835 μετρίας,
522 749 578 813 ἵνα
609 749 784 832 πιστεύητε
810 750 905 835 ημῖν,
939 751 957 815 ὅ
985 773 1017 816 τι
1045 749 1114 816 δν5

68 858 313 942 ὑποσχώμεθα,
341 854 553 941 ἐμπεδώσειν.
598 854 727 936 ἡλικίας
749 855 824 942 γάρ,
846 856 867 938 ἣ
890 859 928 922 τὸ
952 859 1088 940 φενακί-

71 966 141 1041 ζειν
160 963 277 1045 ἥκιστα
296 960 489 1046 ἐπιδέχεται,
513 958 566 1026 ἐπὶ
584 961 622 1025 τὸ
641 959 768 1025 τέλειον
787 961 922 1046 ἥκομεν,
945 959 1001 1026 καὶ
1020 961 1087 1040 ἀξι-

71 1069 200 1152 ώσεως,
230 1069 251 1152 ἣ
281 1078 341 1134 τοῦ
369 1067 584 1154 ῥᾳδιουργεῖν
612 1065 785 1150 ἐλάχιστον
813 1064 949 1153 φέρεται
976 1066 1087 1152 μέρος,

71 1174 264 1260 ἀρκούντως
296 1177 428 1261 ἔχομεν,
461 1175 584 1259 χρόνον
611 1195 646 1237 τε
677 1173 737 1258 οὐχ
766 1170 910 1259 ἑτέρωθί
933 1194 999 1238 που
1026 1176 1086 1239 τὸν

72 1283 272 1366 λειπόμενον
290 1281 455 1363 βιοτεύειν
474 1277 649 1364 μέλλομεν,
669 1274 741 1344 ἀλλ’
760 1279 796 1345 ἐν
813 1280 895 1364 ὑμῖν
915 1281 1018 1366 δίκας,
1039 1276 1087 1347 ών
1102 1302 1128 1341 10

72 1385 116 1450 δν
144 1385 343 1469 ἐξαπατῆσαι
371 1387 537 1470 δοκῶμεν,
560 1383 745 1470 ὑφέξοντες.
791 1395 894 1452 ταῦτα
923 1383 984 1471 μὲν
1013 1383 1122 1471 οὖν,3

73 1493 185 1578 ὥσπερ
209 1494 306 1576 ἔφην,
331 1492 375 1569 ώς
399 1491 440 1556 ού
463 1503 598 1578 μακρῶν
623 1492 781 1575 δεόμενος
803 1494 914 1576 λόγων
937 1495 1020 1579 πρὸς
1044 1496 1088 1559 εί-

73 1599 189 1681 δύτας,
218 1597 313 1664 ἐείσω.
360 1597 377 1662 ὃ
403 1596 443 1663 δέ
463 1622 519 1682 μοι
544 1598 671 1662 δοκεῖτε
693 1598 860 1673 παθόντες
883 1597 942 1682 ὑφ’
966 1597 1088 1684 ἑτέρων

73 1705 208 1781 εἰκότως
227 1701 280 1769 ἐπὶ
298 1705 433 1769 πάντων
451 1703 661 1785 ὑποπτεύειν,
681 1701 824 1788 ὁρῶντες
843 1704 912 1767 αίεί
925 1727 1001 1769 τινα
1019 1717 1088 1770 τών

71 1811 356 1896 παρακαλούντων
384 1810 469 1894 ὑμᾶς
492 1807 545 1874 ἐπὶ
568 1810 646 1884 τοὺς
668 1806 833 1893 πολέμους
855 1809 990 1874 ὑπάτων
1012 1811 1087 1889 ὑπι-
1102 1829 1128 1870 ιτ

22 1918 296 2002 ιεῙσχνούμευον,
319 1911 366 1982 ών
390 1915 432 1981 δν
456 1914 590 2000 δέησθε,
614 1916 703 2000 παρὰ
725 1924 782 1999 τῆς
804 1918 927 1999 βουλῆς
950 1917 1089 2003 διαπρύ-

74 2021 207 2105 ξεσθαι,
235 2019 341 2107 μηδὲν
370 2017 400 2085 δ’
427 2020 480 2087 ἐπὶ
507 2019 600 2098 τέλος
624 2022 749 2105 ἄγοντα
771 2032 838 2085 τῶν
862 2021 1089 2106 ὁμολογηθέν-

73 2147 155 2193 των·
186 2137 287 2193 τοῦτο
315 2128 360 2205 ὡς
388 2127 429 2193 οὐ
458 2129 593 2204 δικαίως
621 2126 662 2192 δν
689 2127 907 2193 ὑποπτεύοιτε
935 2126 1089 2215 καὶπερὶ

73 2234 167 2319 ἐμοῦ,
192 2233 291 2299 δυσὶν
311 2232 352 2299 δν
371 2236 483 2299 τοῖσδε
502 2234 643 2319 μάλιστα
661 2236 902 2318 πιστωσαίμην,
925 2241 971 2321 τῷ
990 2256 1025 2299 τε
1044 2235 1088 2318 μὴ

74 2341 116 2406 ἂν
140 2338 214 2425 ἐμοὶ
236 2343 297 2425 την
319 2342 447 2425 βουλὴν
470 2341 516 2417 είς
539 2350 637 2406 τοῦτο
656 2342 692 2405 τὸ
712 2341 943 2426 λειτούργημα,
967 2337 1089 2426 έτέρων
1103 2361 1130 2401 νο

74 2450 183 2512 ὄντων
216 2450 310 2528 [τῶν]
343 2445 631 2533 ἐπιτηδειοτέρων,
665 2454 711 2534 τῷ
745 2445 1000 2533 φιλοδημοτάτῳ
1034 2446 1090 2510 δο-

73 2563 189 2619 κοῦντι
213 2548 299 2619 εἶναι
321 2557 608 2640 καταχρήσασθαι·
647 2543 702 2618 καὶ
724 2561 769 2641 τῷ
794 2554 838 2638 μὴ
863 2551 904 2616 δν
928 2552 1089 2638 αύτοκριί-

72 2682 147 2746 τορι
174 2669 338 2746 κοσμῆσαι
362 2659 461 2745 ἀρχῇ,
490 2657 534 2725 δι’
557 2659 600 2743 ἣν
623 2662 664 2724 τδι
687 2658 829 2737 δόξαντά
852 2682 909 2743 μοι
932 2659 1090 2746 κράτιστα

72 2763 239 2832 εἶναικαὶ
263 2765 328 2851 δίχ’
351 2767 479 2849 ἐκείνης
502 2766 683 2851 ἐπικυροῦν
708 2767 905 2851 δυνήσομαι.

148 2930 162 2978 1
183 2919 401 2995 ἐπιστρέψαντες
418 2923 441 2975 Β
462 2925 489 2992 (σ
507 2926 589 2992 eras.)
661 2920 774 2994 θύετ’]
797 2923 835 2984 ὡς
852 2922 875 2975 Β
895 2925 900 2991 Ι
924 2923 991 2993 ημῖν
1010 2924 1063 2978 ΑΒ
1084 2925 1088 2995 l

74 2992 262 3064 δεομένοιςΟ
300 2993 430 3064 δεόμενοι
447 2993 592 3063 Kiessling
646 2992 864 3064 θὺπεσχόμεθα
881 2992 934 3047 AB
989 2996 1090 3050 vante

74 3061 235 3135 ἐπιδέχεται
253 3065 284 3118 in
301 3082 356 3119 ras.
376 3072 446 3120 3-4
465 3064 521 3119 litt.
540 3061 647 3188 Βχέπλ
664 3065 695 3119 τδ
710 3069 785 3120 λειον
800 3064 849 3118 Aa
878 3060 969 3146 ἐπὶιτδ
984 3062 1091 3119 τέλειον

76 3136 126 3191 Ab
165 3133 212 3191 ἐπὶ
229 3134 379 3192 τίλειονΑ
470 3143 554 3190 9ποι
677 3143 711 3190 14
730 3137 796 3190 ante
816 3131 862 3190 ἐπὶ
880 3143 897 3189 2
916 3135 973 3190 htt.
993 3150 1091 3188 erasae

73 3206 209 3263 videntur
286 3213 319 3263 15
337 3209 487 3278 πολεμίους
506 3207 528 3262 Ο
548 3223 617 3261 corr.
637 3207 760 3276 sylhurg
775 3210 780 3276 1
796 3206 1020 3276 ὑπισχνούμενον
1039 3201 1091 3271 μὲν

74 3277 164 3342 Cobet
184 3278 250 3334 Obs.
268 3296 296 3348 p.
313 3285 363 3333 119
438 3284 470 3334 16
489 3277 705 3349 διαπράξασθαι
723 3277 748 3331 Α
822 3284 855 3332 18
873 3273 1048 3341 ύποπτεύητε
1068 3274 1090 3329 Ο

74 3365 144 3404 corr.
163 3349 268 3404 Reiske
341 3355 374 3403 21
393 3357 449 3405 τῶν
468 3349 522 3404 del.
541 3349 643 3419 Pflugk
710 3354 745 3404 24
763 3348 849 3417 *δίχα
868 3345 891 3399 Ο
908 3348 912 3414 Ι
930 3340 1091 3414 ἐπικουρεῖν

74 3423 98 3476 O
118 3437 189 3475 corr.
208 3421 310 3474 Portus

129 3520 230 3562 mom.
244 3521 308 3560 Ηιτι.
322 3519 355 3562 Π.
375 3529 413 3560 τω.
428 3521 529 3562 διοοιιτ.
898 3509 937 3555 Ἃ
