2414 3840
125 170 191 235 330
554 172 714 224 -5-

190 332 371 398 XXXXVI.
390 327 446 409 Ὡς
470 327 502 396 δ’
522 331 670 417 ἠγγέλθη
695 341 799 398 ταῦτα
820 342 890 408 τοῖς
913 331 950 397 ἐν
972 340 1013 416 τῇ
1032 335 1140 416 πόλει,

123 442 229 517 πολὺς
246 441 396 524 θόρυβος
418 436 473 504 καὶ
497 440 623 523 οίμωγὴ
647 434 689 522 ἦν
712 436 767 503 καὶ
790 439 847 503 διδι
869 449 936 503 τῶν
957 449 1141 504 στενωπῶν

125 547 259 632 δρόμος,
277 555 338 611 τοῦ
356 543 417 629 μὲν
437 546 546 629 δήμου
559 549 750 610 καταλιπεῖν
763 545 826 627 την
839 547 938 610 πόλιν
951 560 1141 631 παρασκευ-

125 651 298 736 αζομένου,
321 662 388 715 τῶν
408 647 445 716 δὲ
461 653 644 736 πατρικίων
661 650 859 737 ἀποτρέπειν
878 649 1064 730 ἀξιούντων
1083 650 1141 717 καὶ

97 761 204 842 ὀβίαν
233 768 302 835 τοῖς
332 758 376 842 μὴ
406 755 625 843 βουλομένοις
652 754 869 844 προσφέρειν·
906 759 970 841 βοη
999 779 1035 823 τε
1063 756 1141 843 περὶ

124 864 182 941 τάς
211 865 317 940 πύλας
343 861 399 928 καί
425 866 530 940 πολὺς
557 863 794 947 ἀνακλαυθμὸς
821 859 864 946 ην
888 866 982 947 λόγοι
1005 886 1040 929 τε
1064 859 1138 928 κατ’

125 970 278 1054 ἀλλήλων
310 967 429 1055 ἐχθροί
460 968 516 1035 καὶ
542 973 623 1056 ἔργα
650 972 819 1054 πολεμίων
845 969 997 1053 ἐγίνοντο
1027 968 1142 1035 οὐκέτι

126 1078 356 1163 διακρίνοντος
379 1076 519 1154 οὐδενὸς
542 1077 618 1141 ούτε
640 1075 774 1159 ἡλικίαν
797 1077 874 1142 ούτε
893 1074 1041 1163 ἑταιρίαν
1062 1077 1142 1143 ούτε

89 1182 262 1261 2ἀξίωσιν
284 1182 410 1267 ἀρετῆς.
447 1181 560 1264 ἐπειδὴ
584 1177 616 1246 δ’
638 1181 674 1246 οί
692 1179 871 1268 ταχθέντες
892 1181 957 1247 ὑπὸ
980 1190 1039 1265 τῆς
1058 1185 1184 1265 βου-11
1197 1218 1207 1235 2

85 1307 112 1346 1⁰
125 1295 184 1372 λῆς
212 1298 375 1373 φρουρεῖν
401 1290 460 1365 τὰς
487 1286 635 1365 ἐξόδους·
671 1282 757 1371 ἦσαν
784 1289 848 1373 γὰρ
877 1289 918 1371 δὴ
947 1287 1057 1371 ὀλίγοι
1083 1287 1143 1353 καὶ

126 1394 187 1478 οὐχ
211 1392 321 1458 ίκανοὶ
345 1395 393 1458 ἔτι
416 1392 577 1479 ἀντέχειν·
610 1393 843 1477 ἐκβιασθέντες
864 1394 929 1459 ὑπὸ
949 1403 1010 1459 τοῦ
1030 1396 1142 1478 δύμον

125 1499 302 1566 κατέλιπον
323 1502 385 1584 την
408 1503 577 1585 φυλακην,
602 1503 677 1565 τότε
698 1502 763 1584 ἤδη
786 1501 824 1565 τὸ
848 1499 1029 1583 δημοτικὸν
1053 1505 1142 1567 πολὺ

126 1605 280 1692 ἐξεχεῖτο,
312 1603 368 1672 καί
379 1657 391 1668 ε,
399 1607 437 1671 τὸ
469 1606 579 1684 πάθος
609 1601 653 1689 ἦν
682 1605 804 1671 ἁλώσει
832 1608 960 1683 πόλεως
986 1605 1141 1693 ἐμφερές,

126 1715 253 1798 οίμωγη
276 1735 311 1778 τε
334 1722 401 1778 τῶν
423 1712 661 1796 ὑπομενόντων
684 1709 740 1777 καί
763 1712 966 1796 κατάμεμψις
984 1711 1142 1795 ἀλλήλων

85 1837 111 1878 15
125 1818 253 1902 ἐγίνετο
277 1816 508 1905 ἐρημουμένην
530 1818 591 1910 την
614 1821 713 1883 πόλιν
736 1818 902 1904 ὁρώντων.
939 1819 1021 1903 μετὰ
1039 1828 1142 1885 τοῦτο

125 1927 250 2009 βουλαί
268 1948 303 1990 τε
326 1922 447 2009 συχναὶ
468 1922 524 1989 καὶ
545 1926 741 2010 κατηγορίαι
762 1936 830 1989 τῶν
848 1926 964 1990 αίτίων
982 1933 1042 2008 τῆς
1060 1924 1143 1991 ἀπο-

54 2050 59 2059 ·
126 2032 272 2109 στάσεως
286 2031 446 2115 ἐγίνοντο.
484 2028 521 2095 ἐν
541 2027 637 2117 δδτῷ
653 2030 742 2117 αὐτῷ
756 2039 860 2118 καιρῷ
875 2029 931 2096 καί
944 2031 986 2094 τὰ
998 2017 1154 2115 πολέμια

127 2139 211 2221 έθνη
240 2136 431 2202 ἐπετίθεντο
460 2135 574 2213 αὐτοῖς
601 2138 854 2222 προνομεύοντα
879 2136 942 2219 τὴν
969 2144 1035 2220 γῆν
1064 2138 1143 2223 ἀχρι

126 2253 184 2328 τῆς
208 2246 344 2320 πόλεως.
386 2242 422 2307 οί
441 2240 556 2326 μέντοι
580 2241 760 2308 ἀποστάται
781 2244 841 2308 τὸν
864 2242 1049 2326 ἀναγκαίου
1072 2242 1143 2308 ἐπι·

87 2351 280 2435 ιοσιτισμὸν
303 2349 339 2415 ἐκ
361 2358 428 2414 τῶν
446 2351 589 2433 πλησίον
612 2348 724 2434 ἀγρῶν
743 2350 979 2434 λαμβάνοντες,
1003 2350 1086 2414 ἀλλο
1108 2346 1139 2414 δ’

127 2452 229 2521 οὐδὲν
247 2456 308 2538 τὴν
326 2455 439 2541 χώραν
456 2463 731 2540 κακουργοῦντες,
752 2457 872 2539 ἔμενον
891 2454 1068 2540 ὑπαίθριοι
1086 2453 1142 2521 καὶ

127 2565 206 2639 τοὺς
233 2563 433 2647 προσιόντας
460 2559 496 2625 ἐκ
520 2569 578 2644 τῆς
600 2562 727 2638 πόλεως
749 2558 804 2625 καί
826 2570 894 2625 τῶν
917 2559 1010 2646 πέριξ
1036 2586 1143 2648 φρον-

92 2669 211 2752 3ρίων
238 2667 474 2751 ὑπελάμβανον
501 2668 647 2751 συχνοὺς
673 2665 737 2750 ἤδη
761 2665 967 2750 γινομένους.
1013 2668 1056 2732 ού
1078 2671 1143 2753 γὰρ

128 2774 234 2857 μόνον
262 2771 298 2837 οί
316 2773 357 2836 τδι
379 2770 459 2858 χρέα
482 2770 538 2838 καὶ
559 2773 617 2848 τάς
639 2771 817 2849 καταδίκας
838 2770 893 2837 καὶ
915 2774 975 2850 τὰς
996 2776 1143 2860 προσδο-

87 2897 115 2938 ιι
128 2876 279 2963 κωμένας
303 2877 448 2960 ἀνάγκας
471 2880 650 2963 διαφυγεῖν
672 2879 934 2964 προαιρούμενοι
957 2877 1143 2966 συνέρρεον

200 3094 215 3142 6
235 3086 438 3159 ἀνακλαυθμὸς
451 3085 541 3141 Cobet
555 3085 621 3142 Obs.
635 3103 662 3155 p.
679 3092 729 3141 121
750 3087 853 3155 Sylbur
875 3087 901 3142 ὀ
920 3090 1053 3144 monente
1072 3090 1144 3144 ἀνα-

128 3158 308 3229 κλαυσμδςΟ
400 3163 433 3212 10
451 3157 538 3212 verba
562 3150 636 3225 ἦσαν
659 3174 748 3226 usque
772 3158 809 3211 ad
833 3161 850 3213 δ
871 3179 924 3230 μου
944 3159 1008 3216 add.
1028 3159 1060 3215 in
1077 3176 1142 3231 mge

128 3231 174 3284 Bb
194 3229 373 3300 superscript.
393 3229 524 3297 κείμενον
607 3234 639 3284 12
657 3226 719 3284 τότε
738 3228 773 3298 δὴ
793 3246 816 3284 ο.
835 3229 937 3284 Portus
1015 3236 1050 3286 18
1070 3228 1142 3299 ἔθνη

128 3301 193 3359 αδδ.
212 3301 235 3355 Β
252 3305 256 3373 1
273 3296 419 3356 ἐπετίθετο
439 3314 462 3354 ο.
480 3296 624 3368 Kiessling
684 3306 716 3354 19
735 3308 791 3355 τῶν
809 3300 974 3371 ἀναγκαίων
992 3300 1041 3356 Ba
1056 3305 1061 3374 Ι
1077 3303 1144 3373 ἀγο-

120 3426 224 3496 ρύνΑ
262 3421 427 3498 ἀγ.ρο”ινΒ
499 3419 706 3492 24μόν..Βεε
741 3390 888 3493 μόνδίΒὶ)
