2414 3840
547 195 709 244 -Ε..

119 369 232 440 ρησεν,
260 353 321 431 ἕως
340 353 460 419 ἐκεῖνοι
478 359 683 438 κολασθῶσι,
706 356 767 438 την
787 354 903 438 δεινὴν
920 352 1009 419 θέαν
1029 354 1139 441 έκτρε-

118 465 272 546 πόμενος,
297 457 368 526 οὔτ’
392 461 473 525 ἀνευ
496 466 772 546 προπηλακισμοῦ
796 459 923 544 ἀφῆκεν
942 461 1057 539 αὐτοῖς
1075 462 1138 547 τὴν

119 564 351 651 ἐψηφισμένην
375 567 583 652 ἐκπληρῶσαι
606 578 740 653 μοῖραν·
774 567 857 632 ἀλλά
874 567 983 632 πάντα
1001 566 1138 654 ιδπερὶ

117 675 175 749 τάς
210 675 368 758 τιμωρίας
400 675 462 757 ἔθη
495 671 550 738 καὶ
582 675 706 758 νόμιμα
739 673 931 758 φυλάττων,
969 674 1034 740 ὅσα
1065 686 1174 753 τοῖς8ε

90 779 315 865 ῡκακούργοις
338 778 507 845 ἀπόκειται
530 785 664 862 παθεῖν,
688 779 725 845 έν
748 778 853 866 ἀγορᾷ
874 780 1011 846 πόντων
1030 781 1137 867 ὁρών-

116 909 184 951 των
208 885 421 963 αἰκισθέντας
438 887 479 950 τά
497 886 632 969 σώματα
651 890 802 968 πληγαῖς,
826 885 926 962 αὐτὸς
943 886 1048 951 ἀπασι
1066 899 1138 966 τοῖς

116 991 327 1078 γιγνομένοις
345 992 473 1078 παρών,
491 993 564 1057 τότε
583 992 794 1077 συνεχώρησε
812 994 892 1068 τοὺς
910 990 1053 1076 αὐχένας
1066 1005 1137 1072 τοῖς

81 1098 286 1165 6πελέκεσιν
315 1099 529 1181 ἀποκοπῆναι.
570 1094 654 1183 ὑπὲρ
683 1098 811 1163 ἅπαντα
840 1094 877 1162 δέ
899 1099 939 1163 τὰ
961 1099 1137 1185 παράδοξα

115 1203 171 1270 καὶ
202 1207 381 1291 θαυμαστά
413 1213 474 1271 τοῦ
503 1205 625 1290 ἀνδρὸς
652 1205 689 1268 τὸ
718 1201 829 1280 ἀτενὲς
857 1212 915 1288 τῆς
942 1206 1053 1284 ὄψεως
1080 1206 1138 1272 καὶ

76 1328 102 1367 1⁰
116 1313 274 1395 ἄτεγκτον
297 1307 351 1395 ἦν·
383 1312 419 1388 ὅς
442 1334 479 1393 γε
502 1321 570 1376 τῶν
593 1312 703 1376 ἀλλων
727 1310 884 1376 ἀπόντων
907 1311 981 1376 ὅσοι
1003 1320 1051 1400 τῷ
1075 1313 1137 1379 πά-

114 1425 172 1483 θει
190 1417 412 1504 παρεγένοντο
431 1419 617 1482 κλαιόντων
631 1412 733 1501 μόνος
749 1415 821 1483 οὔτ’
840 1417 1137 1503 ἀνακλαυσάμενος

116 1525 218 1608 ώφθη
246 1525 305 1589 τὸν
334 1527 440 1610 μόρον
461 1533 529 1589 τῶν
552 1521 677 1589 τέκνων
701 1522 772 1589 οὔτ’
800 1523 988 1608 ἀποιμώξας
1014 1524 1137 1593 ἑαυτὸν

114 1639 173 1714 τῆς
195 1631 402 1715 καθεξούσης
424 1632 484 1696 τὸν
508 1625 603 1697 οἷκον
626 1629 763 1716 ἐρημίας
787 1625 857 1696 οὔτ’
878 1632 959 1696 ἀλλο
983 1634 1138 1715 μαλακὸν

116 1734 222 1803 οὐθὲν
255 1739 389 1821 ἐνδούς,
423 1734 496 1803 ἀλλ’
524 1738 671 1822 ἄδακρύς
702 1760 737 1801 τε
768 1734 823 1802 καὶ
852 1734 1052 1816 ἀστένακτος
1080 1737 1137 1805 καλ

75 1857 101 1899 1⁵
116 1842 233 1927 ἀτενὴς
252 1844 419 1930 διαμένων
437 1844 621 1929 εὐκαρδίως
638 1845 756 1927 ἤνεγκε
774 1843 836 1927 τὴν
855 1844 1045 1929 συμφοράν.
1079 1846 1137 1912 ού-

114 1974 179 2027 τως
209 1952 343 2037 ίσχυρὸς
365 1946 409 2034 ἦν
431 1951 492 2033 τὴν
514 1950 652 2034 γνώμην
675 1947 731 2014 καὶ
753 1947 887 2034 βέβαιος
908 1951 948 2015 τά
970 1950 1137 2036 κραθέντα

115 2058 285 2143 διατηρεῖν
308 2055 363 2122 καὶ
385 2069 453 2122 τών
474 2056 756 2141 ἐπιταραττόντων
773 2057 853 2132 τοὺς
871 2058 1055 2140 λογισμοὺς
1074 2079 1137 2123 πα-

113 2169 188 2230 θών
211 2165 377 2250 καρτερός.
944 2200 946 2205 ·

182 2269 294 2335 VIIII.
327 2265 535 2345 Ἀποκτείνας
571 2263 608 2332 δέ
644 2269 722 2342 τοὺς
758 2267 854 2343 υίοὺς
886 2265 991 2344 εὐθὺς
1024 2268 1137 2336 έκάλει

74 2393 100 2434 ²⁰
113 2378 194 2453 τούς
226 2375 430 2460 ἀδελφιδοῦς
461 2383 522 2439 τοῦ
554 2372 779 2459 συνάρχοντος
806 2367 1014 2458 Ἀκυλλίους,
1051 2371 1133 2462 παρ’

115 2475 165 2560 οἷς
192 2482 229 2546 αί
254 2483 395 2548 σύνοδοι
421 2492 488 2546 τῶν
514 2481 595 2545 κατὰ
617 2489 675 2563 τῆς
697 2481 825 2556 πόλεως
847 2478 1174 2565 συνομοσαμένωνὸε

115 2588 284 2673 ἐγένοντο·
330 2587 386 2653 καλ
422 2589 479 2664 τὰς
511 2586 685 2662 ἐπιστολὰς
717 2585 828 2651 αὐτῶν
860 2585 1054 2668 ἀναγνῶναι
1087 2595 1134 2676 τῷ

105 2705 301 2780 γραμματεῖ
324 2694 496 2776 κελεύσας,
527 2693 610 2758 ὥστε
637 2691 762 2768 πάντας
789 2690 924 2756 ἀκούειν
947 2693 1027 2769 τοὺς
1050 2714 1134 2780 παρ-

115 2806 224 2884 όντας,
249 2800 432 2883 ἀπολογίαν
455 2801 579 2883 ἔφησεν
604 2798 716 2874 αὐτοῖς
740 2798 880 2863 διδόναι.
923 2797 968 2875 ὡς
991 2796 1030 2864 δὲ
1051 2821 1134 2887 προ

74 2925 101 2967 ω
114 2911 269 2992 ηχθησαν
294 2908 329 2972 οί
349 2910 519 2972 νεανίσκοι
541 2906 624 2992 πρὸς
648 2906 686 2970 τὸ
705 2907 803 2988 βῆμα,
827 2901 892 2969 εάθ’
914 2904 1134 2990 ὑποθεμένου

113 3016 204 3091 τινὸς
231 3024 298 3079 τῶν
327 3016 436 3097 φίλων
462 3008 520 3077 εἴτ’
543 3009 639 3077 αὐτοὶ
663 3012 959 3096 συμφρονήσαντες
981 3022 1053 3090 τοῖς
1075 3016 1134 3097 γό-

137 3313 143 3333 x
187 3241 376 3312 2ἀφῆκενο
415 3237 520 3310 έφηιιεν
545 3257 567 3295 ο.
586 3237 730 3331 Ιξίοεεῖίυς
820 3238 921 3309 3περῖ
937 3239 1030 3323 τηςΟ
1066 3240 1133 3311 περί

114 3315 384 3459 ἀάἀεγῖκττόάωδίαν
407 3309 1010 3454 ἀδΙέγἝάἀδτόαάἰὶοεοάιδιιὲρίέγάένόντδΐθίδεὶθ
1035 3387 1071 3436 24
1089 3318 1132 3437 612

116 3453 199 3510 δόναι
217 3457 243 3511 Α
279 3453 413 3512 διαδόναι
430 3455 478 3508 Ba
514 3454 666 3508 διαδοῦναι
684 3450 731 3505 Bb
747 3452 752 3522 Ι
768 3451 972 3523 προσήχθησαν
991 3452 1014 3506 Β

59 3528 102 3622 Ι
