<?xml version="1.0" encoding="UTF-8"?>
<!DOCTYPE html PUBLIC "-//W3C//DTD XHTML 1.0 Transitional//EN"
    "http://www.w3.org/TR/xhtml1/DTD/xhtml1-transitional.dtd">
<html xmlns="http://www.w3.org/1999/xhtml" xml:lang="en" lang="en">
 <head>
  <title>
</title>
<meta http-equiv="Content-Type" content="text/html;charset=utf-8" />
  <meta name='ocr-system' content='tesseract 3.04.00' />
  <meta name='ocr-capabilities' content='ocr_page ocr_carea ocr_par ocr_line ocrx_word'/>
</head>
<body>
  <div class='ocr_page' id='page_1' title='image "./dionysihalicarn02diongoog_0097.png"; bbox 0 0 2414 3840; ppageno 0'>
   <div class='ocr_carea' id='block_1_1' title="bbox 96 195 688 261">
    <p class='ocr_par' dir='ltr' id='par_1_1' title="bbox 96 195 688 261">
     <span class='ocr_line' id='line_1_1' title="bbox 96 195 688 261; baseline -0.003 0"><span class='ocrx_word' id='word_1_1' title='bbox 96 195 139 261; x_wconf 85' lang='lat'><strong><em>86</em></strong></span> <span class='ocrx_word' id='word_1_2' title='bbox 523 200 688 248; x_wconf 76' lang='grc' dir='ltr'><strong><em>-ι-</em></strong></span> 
     </span>
    </p>
   </div>
   <div class='ocr_carea' id='block_1_2' title="bbox 58 354 1163 2789">
    <p class='ocr_par' dir='ltr' id='par_1_2' title="bbox 58 354 1163 1506">
     <span class='ocr_line' id='line_1_2' title="bbox 97 354 1114 443; baseline 0.002 -20"><span class='ocrx_word' id='word_1_3' title='bbox 97 357 181 443; x_wconf 90' lang='grc' dir='ltr'><strong><em>ίερά,</em></strong></span> <span class='ocrx_word' id='word_1_4' title='bbox 204 354 260 422; x_wconf 83' lang='grc' dir='ltr'><strong><em>καὶ</em></strong></span> <span class='ocrx_word' id='word_1_5' title='bbox 283 367 416 443; x_wconf 86' lang='grc' dir='ltr'><strong><em>μοίραν,</em></strong></span> <span class='ocrx_word' id='word_1_6' title='bbox 439 357 481 440; x_wconf 75' lang='grc' dir='ltr'><strong><em>ἣν</em></strong></span> <span class='ocrx_word' id='word_1_7' title='bbox 506 355 648 442; x_wconf 80' lang='grc' dir='ltr'><strong><em>ἑκάστην</em></strong></span> <span class='ocrx_word' id='word_1_8' title='bbox 666 359 778 442; x_wconf 77' lang='grc' dir='ltr'><strong><em>δεήσει</em></strong></span> <span class='ocrx_word' id='word_1_9' title='bbox 796 357 989 442; x_wconf 83' lang='grc' dir='ltr'><strong><em>λαμβάνειν.</em></strong></span> <span class='ocrx_word' id='word_1_10' title='bbox 1021 359 1060 424; x_wconf 91' lang='grc' dir='ltr'><strong><em>αί</em></strong></span> <span class='ocrx_word' id='word_1_11' title='bbox 1076 357 1114 425; x_wconf 73' lang='grc' dir='ltr'><strong><em>δὲ</em></strong></span> 
     </span>
     <span class='ocr_line' id='line_1_3' title="bbox 95 461 1115 550; baseline 0.001 -21"><span class='ocrx_word' id='word_1_12' title='bbox 95 472 318 549; x_wconf 77' lang='grc' dir='ltr'><strong><em>μετασχοῦσαι</em></strong></span> <span class='ocrx_word' id='word_1_13' title='bbox 336 473 394 548; x_wconf 80' lang='grc' dir='ltr'><strong><em>τῆς</em></strong></span> <span class='ocrx_word' id='word_1_14' title='bbox 411 462 527 550; x_wconf 81' lang='grc' dir='ltr'><strong><em>ἑορτῆς</em></strong></span> <span class='ocrx_word' id='word_1_15' title='bbox 545 487 580 529; x_wconf 90' lang='grc' dir='ltr'><strong><em>τε</em></strong></span> <span class='ocrx_word' id='word_1_16' title='bbox 598 461 654 529; x_wconf 82' lang='grc' dir='ltr'><strong><em>καὶ</em></strong></span> <span class='ocrx_word' id='word_1_17' title='bbox 671 472 730 549; x_wconf 78' lang='grc' dir='ltr'><strong><em>τῆς</em></strong></span> <span class='ocrx_word' id='word_1_18' title='bbox 746 466 872 541; x_wconf 78' lang='grc' dir='ltr'><strong><em>θυσίας</em></strong></span> <span class='ocrx_word' id='word_1_19' title='bbox 884 467 997 542; x_wconf 87' lang='grc' dir='ltr'><strong><em>πόλεις</em></strong></span> <span class='ocrx_word' id='word_1_20' title='bbox 1009 475 1115 550; x_wconf 93' lang='grc' dir='ltr'><strong><em>τριῶν</em></strong></span> 
     </span>
     <span class='ocr_line' id='line_1_4' title="bbox 60 568 1116 658; baseline 0.001 -21"><span class='ocrx_word' id='word_1_21' title='bbox 60 568 234 637; x_wconf 79' lang='grc' dir='ltr'><strong><em>3ύέονσαι</em></strong></span> <span class='ocrx_word' id='word_1_22' title='bbox 261 573 466 654; x_wconf 75' lang='grc' dir='ltr'><strong><em>πεντήκοντα</em></strong></span> <span class='ocrx_word' id='word_1_23' title='bbox 496 569 661 654; x_wconf 86' lang='grc' dir='ltr'><strong><em>ἐγένοντο.</em></strong></span> <span class='ocrx_word' id='word_1_24' title='bbox 706 571 828 647; x_wconf 91' lang='grc' dir='ltr'><strong><em>ταύτας</em></strong></span> <span class='ocrx_word' id='word_1_25' title='bbox 855 572 913 647; x_wconf 79' lang='grc' dir='ltr'><strong><em>τὰς</em></strong></span> <span class='ocrx_word' id='word_1_26' title='bbox 940 569 1058 658; x_wconf 83' lang='grc' dir='ltr'><strong><em>ἑορτάς</em></strong></span> <span class='ocrx_word' id='word_1_27' title='bbox 1078 595 1116 638; x_wconf 88' lang='grc' dir='ltr'><strong><em>τε</em></strong></span> 
     </span>
     <span class='ocr_line' id='line_1_5' title="bbox 95 673 1116 763; baseline 0.002 -21"><span class='ocrx_word' id='word_1_28' title='bbox 95 674 151 742; x_wconf 79' lang='grc' dir='ltr'><strong><em>καί</em></strong></span> <span class='ocrx_word' id='word_1_29' title='bbox 177 678 236 755; x_wconf 87' lang='grc' dir='ltr'><strong><em>τάς</em></strong></span> <span class='ocrx_word' id='word_1_30' title='bbox 262 678 387 754; x_wconf 86' lang='grc' dir='ltr'><strong><em>θυσίας</em></strong></span> <span class='ocrx_word' id='word_1_31' title='bbox 413 674 509 762; x_wconf 88' lang='grc' dir='ltr'><strong><em>μέχρι</em></strong></span> <span class='ocrx_word' id='word_1_32' title='bbox 537 687 605 742; x_wconf 88' lang='grc' dir='ltr'><strong><em>τῶν</em></strong></span> <span class='ocrx_word' id='word_1_33' title='bbox 632 673 710 742; x_wconf 89' lang='grc' dir='ltr'><strong><em>καθ’</em></strong></span> <span class='ocrx_word' id='word_1_34' title='bbox 737 675 823 761; x_wconf 80' lang='grc' dir='ltr'><strong><em>ἡμᾶς</em></strong></span> <span class='ocrx_word' id='word_1_35' title='bbox 849 679 982 763; x_wconf 79' lang='grc' dir='ltr'><strong><em>χρόνων</em></strong></span> <span class='ocrx_word' id='word_1_36' title='bbox 1009 677 1116 744; x_wconf 83' lang='grc' dir='ltr'><strong><em>ἐπιτε-</em></strong></span> 
     </span>
     <span class='ocr_line' id='line_1_6' title="bbox 69 773 1118 870; baseline 0.007 -27"><span class='ocrx_word' id='word_1_37' title='bbox 69 788 194 849; x_wconf 83' lang='grc' dir='ltr'><strong><em>ολοῦσι</em></strong></span> <span class='ocrx_word' id='word_1_38' title='bbox 217 780 370 868; x_wconf 78' lang='grc' dir='ltr'><strong><em>Ῥωμαῖοι</em></strong></span> <span class='ocrx_word' id='word_1_39' title='bbox 393 773 541 860; x_wconf 89' lang='grc' dir='ltr'><strong><em>Λατίνας</em></strong></span> <span class='ocrx_word' id='word_1_40' title='bbox 568 788 762 866; x_wconf 87' lang='grc' dir='ltr'><strong><em>καλοῦντες,</em></strong></span> <span class='ocrx_word' id='word_1_41' title='bbox 790 781 846 848; x_wconf 82' lang='grc' dir='ltr'><strong><em>καὶ</em></strong></span> <span class='ocrx_word' id='word_1_42' title='bbox 873 783 1040 870; x_wconf 85' lang='grc' dir='ltr'><strong><em>φέρουσιν</em></strong></span> <span class='ocrx_word' id='word_1_43' title='bbox 1069 787 1118 863; x_wconf 85' lang='grc' dir='ltr'><strong><em>είς</em></strong></span> 
     </span>
     <span class='ocr_line' id='line_1_7' title="bbox 97 887 1116 983; baseline 0 -27"><span class='ocrx_word' id='word_1_44' title='bbox 97 889 198 966; x_wconf 84' lang='grc' dir='ltr'><strong><em>αὐτάς</em></strong></span> <span class='ocrx_word' id='word_1_45' title='bbox 227 889 265 953; x_wconf 91' lang='grc' dir='ltr'><strong><em>αί</em></strong></span> <span class='ocrx_word' id='word_1_46' title='bbox 289 888 485 974; x_wconf 84' lang='grc' dir='ltr'><strong><em>μετέχουσαι</em></strong></span> <span class='ocrx_word' id='word_1_47' title='bbox 509 900 576 954; x_wconf 86' lang='grc' dir='ltr'><strong><em>τῶν</em></strong></span> <span class='ocrx_word' id='word_1_48' title='bbox 600 889 699 974; x_wconf 87' lang='grc' dir='ltr'><strong><em>ίερῶν</em></strong></span> <span class='ocrx_word' id='word_1_49' title='bbox 719 892 834 966; x_wconf 88' lang='grc' dir='ltr'><strong><em>’πόλεις</em></strong></span> <span class='ocrx_word' id='word_1_50' title='bbox 857 890 895 954; x_wconf 90' lang='grc' dir='ltr'><strong><em>αί</em></strong></span> <span class='ocrx_word' id='word_1_51' title='bbox 914 887 986 983; x_wconf 17' lang='grc' dir='ltr'><strong><em>μέν,</em></strong></span> <span class='ocrx_word' id='word_1_52' title='bbox 999 892 1116 977; x_wconf 87' lang='grc' dir='ltr'><strong><em>άρνας,</em></strong></span> 
     </span>
     <span class='ocr_line' id='line_1_8' title="bbox 97 992 1119 1082; baseline 0.002 -21"><span class='ocrx_word' id='word_1_53' title='bbox 97 995 135 1061; x_wconf 92' lang='grc' dir='ltr'><strong><em>αί</em></strong></span> <span class='ocrx_word' id='word_1_54' title='bbox 156 993 193 1062; x_wconf 71' lang='grc' dir='ltr'><strong><em>δὲ</em></strong></span> <span class='ocrx_word' id='word_1_55' title='bbox 214 997 348 1082; x_wconf 91' lang='grc' dir='ltr'><strong><em>τυρούς,</em></strong></span> <span class='ocrx_word' id='word_1_56' title='bbox 372 995 410 1061; x_wconf 90' lang='grc' dir='ltr'><strong><em>αί</em></strong></span> <span class='ocrx_word' id='word_1_57' title='bbox 431 992 468 1061; x_wconf 73' lang='grc' dir='ltr'><strong><em>δὲ</em></strong></span> <span class='ocrx_word' id='word_1_58' title='bbox 490 996 652 1080; x_wconf 88' lang='grc' dir='ltr'><strong><em>γάλακτός</em></strong></span> <span class='ocrx_word' id='word_1_59' title='bbox 674 1017 707 1060; x_wconf 92' lang='grc' dir='ltr'><strong><em>τι</em></strong></span> <span class='ocrx_word' id='word_1_60' title='bbox 730 993 863 1081; x_wconf 81' lang='grc' dir='ltr'><strong><em>μέτρον,</em></strong></span> <span class='ocrx_word' id='word_1_61' title='bbox 887 995 925 1060; x_wconf 85' lang='grc' dir='ltr'><strong><em>αί</em></strong></span> <span class='ocrx_word' id='word_1_62' title='bbox 941 992 978 1062; x_wconf 75' lang='grc' dir='ltr'><strong><em>δέ</em></strong></span> <span class='ocrx_word' id='word_1_63' title='bbox 996 996 1119 1082; x_wconf 84' lang='grc' dir='ltr'><strong><em>ὅμοιόν</em></strong></span> 
     </span>
     <span class='ocr_line' id='line_1_9' title="bbox 95 1098 1118 1189; baseline 0.002 -22"><span class='ocrx_word' id='word_1_64' title='bbox 95 1126 128 1168; x_wconf 93' lang='grc' dir='ltr'><strong><em>τι</em></strong></span> <span class='ocrx_word' id='word_1_65' title='bbox 154 1103 287 1180; x_wconf 82' lang='grc' dir='ltr'><strong><em>τούτοις</em></strong></span> <span class='ocrx_word' id='word_1_66' title='bbox 320 1102 481 1187; x_wconf 86' lang='grc' dir='ltr'><strong><em>[πελάνου</em></strong></span> <span class='ocrx_word' id='word_1_67' title='bbox 508 1101 634 1186; x_wconf 90' lang='grc' dir='ltr'><strong><em>γένος]·</em></strong></span> <span class='ocrx_word' id='word_1_68' title='bbox 671 1099 747 1178; x_wconf 78' lang='grc' dir='ltr'><strong><em>ἑνὸς</em></strong></span> <span class='ocrx_word' id='word_1_69' title='bbox 775 1098 812 1166; x_wconf 76' lang='grc' dir='ltr'><strong><em>δὲ</em></strong></span> <span class='ocrx_word' id='word_1_70' title='bbox 838 1102 965 1189; x_wconf 84' lang='grc' dir='ltr'><strong><em>ταύρου</em></strong></span> <span class='ocrx_word' id='word_1_71' title='bbox 992 1114 1118 1182; x_wconf 78' lang='grc' dir='ltr'><strong><em>κοινῶς</em></strong></span> 
     </span>
     <span class='ocr_line' id='line_1_10' title="bbox 79 1206 1163 1295; baseline 0 -21"><span class='ocrx_word' id='word_1_72' title='bbox 79 1210 161 1274; x_wconf 82' lang='grc' dir='ltr'><strong><em>,ὑπὸ</em></strong></span> <span class='ocrx_word' id='word_1_73' title='bbox 198 1219 316 1275; x_wconf 83' lang='grc' dir='ltr'><strong><em>πασῶν</em></strong></span> <span class='ocrx_word' id='word_1_74' title='bbox 351 1206 526 1294; x_wconf 78' lang='grc' dir='ltr'><strong><em>θυομένου</em></strong></span> <span class='ocrx_word' id='word_1_75' title='bbox 560 1206 660 1295; x_wconf 82' lang='grc' dir='ltr'><strong><em>μέρος</em></strong></span> <span class='ocrx_word' id='word_1_76' title='bbox 691 1206 810 1292; x_wconf 83' lang='grc' dir='ltr'><strong><em>ἑκάστη</em></strong></span> <span class='ocrx_word' id='word_1_77' title='bbox 843 1209 881 1274; x_wconf 87' lang='grc' dir='ltr'><strong><em>τὸ</em></strong></span> <span class='ocrx_word' id='word_1_78' title='bbox 912 1208 1163 1294; x_wconf 72' lang='grc' dir='ltr'><strong><em>τεταγμένοντοε</em></strong></span> 
     </span>
     <span class='ocr_line' id='line_1_11' title="bbox 58 1311 1119 1401; baseline 0.007 -26"><span class='ocrx_word' id='word_1_79' title='bbox 58 1335 83 1375; x_wconf 78' lang='grc' dir='ltr'><strong><em>ιο</em></strong></span> <span class='ocrx_word' id='word_1_80' title='bbox 97 1315 268 1400; x_wconf 80' lang='grc' dir='ltr'><strong><em>λαμβάνει.</em></strong></span> <span class='ocrx_word' id='word_1_81' title='bbox 313 1316 440 1380; x_wconf 89' lang='grc' dir='ltr'><strong><em>θύουσι</em></strong></span> <span class='ocrx_word' id='word_1_82' title='bbox 468 1311 501 1378; x_wconf 81' lang='grc' dir='ltr'><strong><em>θ’</em></strong></span> <span class='ocrx_word' id='word_1_83' title='bbox 528 1312 613 1401; x_wconf 73' lang='grc' dir='ltr'><strong><em>ὑπὲρ</em></strong></span> <span class='ocrx_word' id='word_1_84' title='bbox 640 1314 798 1380; x_wconf 79' lang='grc' dir='ltr'><strong><em>ἁπάντων</em></strong></span> <span class='ocrx_word' id='word_1_85' title='bbox 824 1313 879 1379; x_wconf 83' lang='grc' dir='ltr'><strong><em>καί</em></strong></span> <span class='ocrx_word' id='word_1_86' title='bbox 906 1316 969 1399; x_wconf 77' lang='grc' dir='ltr'><strong><em>τὴν</em></strong></span> <span class='ocrx_word' id='word_1_87' title='bbox 996 1315 1119 1401; x_wconf 76' lang='grc' dir='ltr'><strong><em>ἡγεμο-</em></strong></span> 
     </span>
     <span class='ocr_line' id='line_1_12' title="bbox 96 1416 877 1506; baseline 0 -20"><span class='ocrx_word' id='word_1_88' title='bbox 96 1423 175 1486; x_wconf 92' lang='grc' dir='ltr'><strong><em>νίαν</em></strong></span> <span class='ocrx_word' id='word_1_89' title='bbox 197 1431 266 1485; x_wconf 91' lang='grc' dir='ltr'><strong><em>τῶν</em></strong></span> <span class='ocrx_word' id='word_1_90' title='bbox 289 1421 390 1506; x_wconf 88' lang='grc' dir='ltr'><strong><em>ίερῶν</em></strong></span> <span class='ocrx_word' id='word_1_91' title='bbox 412 1422 526 1505; x_wconf 83' lang='grc' dir='ltr'><strong><em>έχουσι</em></strong></span> <span class='ocrx_word' id='word_1_92' title='bbox 544 1416 729 1506; x_wconf 74' lang='grc' dir='ltr'><strong><em>Ῥωμαῖοι.Ι</em></strong></span> <span class='ocrx_word' id='word_1_93' title='bbox 831 1481 834 1486; x_wconf 89' lang='grc'><strong>.</strong></span> <span class='ocrx_word' id='word_1_94' title='bbox 874 1498 877 1503; x_wconf 26' lang='grc'><strong><em>,</em></strong></span> 
     </span>
    </p>

    <p class='ocr_par' dir='ltr' id='par_1_3' title="bbox 97 1523 1120 1825">
     <span class='ocr_line' id='line_1_13' title="bbox 164 1523 1118 1614; baseline 0.004 -22"><span class='ocrx_word' id='word_1_95' title='bbox 164 1527 199 1593; x_wconf 89' lang='lat' dir='ltr'><strong><em>L.</em></strong></span> <span class='ocrx_word' id='word_1_96' title='bbox 227 1523 284 1604; x_wconf 81' lang='grc' dir='ltr'><strong><em>Ὡς</em></strong></span> <span class='ocrx_word' id='word_1_97' title='bbox 310 1524 346 1592; x_wconf 74' lang='grc' dir='ltr'><strong><em>δὲ</em></strong></span> <span class='ocrx_word' id='word_1_98' title='bbox 368 1524 425 1593; x_wconf 83' lang='grc' dir='ltr'><strong><em>καὶ</em></strong></span> <span class='ocrx_word' id='word_1_99' title='bbox 446 1528 581 1605; x_wconf 85' lang='grc' dir='ltr'><strong><em>ταύταις</em></strong></span> <span class='ocrx_word' id='word_1_100' title='bbox 604 1527 805 1614; x_wconf 82' lang='grc' dir='ltr'><strong><em>ἐκρατύνατο</em></strong></span> <span class='ocrx_word' id='word_1_101' title='bbox 828 1528 891 1611; x_wconf 78' lang='grc' dir='ltr'><strong><em>τὴν</em></strong></span> <span class='ocrx_word' id='word_1_102' title='bbox 913 1527 1021 1614; x_wconf 78' lang='grc' dir='ltr'><strong><em>ἀρχὴν</em></strong></span> <span class='ocrx_word' id='word_1_103' title='bbox 1045 1540 1118 1609; x_wconf 85' lang='grc' dir='ltr'><strong><em>ταίς</em></strong></span> 
     </span>
     <span class='ocr_line' id='line_1_14' title="bbox 98 1632 1118 1720; baseline 0.003 -21"><span class='ocrx_word' id='word_1_104' title='bbox 98 1637 311 1719; x_wconf 87' lang='grc' dir='ltr'><strong><em>συμμαχίαις,</em></strong></span> <span class='ocrx_word' id='word_1_105' title='bbox 339 1635 482 1720; x_wconf 90' lang='grc' dir='ltr'><strong><em>στρατὸν</em></strong></span> <span class='ocrx_word' id='word_1_106' title='bbox 509 1634 639 1718; x_wconf 80' lang='grc' dir='ltr'><strong><em>ἐξάγειν</em></strong></span> <span class='ocrx_word' id='word_1_107' title='bbox 662 1632 716 1700; x_wconf 79' lang='grc' dir='ltr'><strong><em>ἐπὶ</em></strong></span> <span class='ocrx_word' id='word_1_108' title='bbox 738 1637 911 1718; x_wconf 86' lang='grc' dir='ltr'><strong><em>Σαβίνους</em></strong></span> <span class='ocrx_word' id='word_1_109' title='bbox 933 1636 1021 1719; x_wconf 79' lang='grc' dir='ltr'><strong><em>ἐγνοι</em></strong></span> <span class='ocrx_word' id='word_1_110' title='bbox 1040 1632 1118 1702; x_wconf 83' lang='grc' dir='ltr'><strong><em>Ῥω-</em></strong></span> 
     </span>
     <span class='ocr_line' id='line_1_15' title="bbox 97 1734 1120 1825; baseline 0.002 -20"><span class='ocrx_word' id='word_1_111' title='bbox 97 1744 205 1825; x_wconf 85' lang='grc' dir='ltr'><strong><em>μαίων</em></strong></span> <span class='ocrx_word' id='word_1_112' title='bbox 237 1736 266 1805; x_wconf 89' lang='grc' dir='ltr'><strong><em>τ’</em></strong></span> <span class='ocrx_word' id='word_1_113' title='bbox 291 1742 403 1807; x_wconf 85' lang='grc' dir='ltr'><strong><em>αὐτῶν</em></strong></span> <span class='ocrx_word' id='word_1_114' title='bbox 433 1739 582 1820; x_wconf 80' lang='grc' dir='ltr'><strong><em>ἐπιλέξας</em></strong></span> <span class='ocrx_word' id='word_1_115' title='bbox 612 1741 671 1818; x_wconf 86' lang='grc' dir='ltr'><strong><em>οὓς</em></strong></span> <span class='ocrx_word' id='word_1_116' title='bbox 687 1734 815 1824; x_wconf 55' lang='grc' dir='ltr'><strong><em>’ἥκιστα</em></strong></span> <span class='ocrx_word' id='word_1_117' title='bbox 842 1740 1054 1825; x_wconf 82' lang='grc' dir='ltr'><strong><em>ὑπώπτευεν,</em></strong></span> <span class='ocrx_word' id='word_1_118' title='bbox 1088 1745 1120 1807; x_wconf 89' lang='grc' dir='ltr'><strong><em>εί</em></strong></span> 
     </span>
    </p>

    <p class='ocr_par' dir='ltr' id='par_1_4' title="bbox 58 1847 1119 2789">
     <span class='ocr_line' id='line_1_16' title="bbox 58 1847 1117 1934; baseline 0.006 -26"><span class='ocrx_word' id='word_1_119' title='bbox 58 1867 83 1908; x_wconf 82' lang='lat'><strong><em>15</em></strong></span> <span class='ocrx_word' id='word_1_120' title='bbox 98 1849 209 1934; x_wconf 92' lang='grc' dir='ltr'><strong><em>κύριοι</em></strong></span> <span class='ocrx_word' id='word_1_121' title='bbox 223 1860 291 1913; x_wconf 90' lang='grc' dir='ltr'><strong><em>τῶν</em></strong></span> <span class='ocrx_word' id='word_1_122' title='bbox 306 1849 419 1914; x_wconf 80' lang='grc' dir='ltr'><strong><em>ὅπλων</em></strong></span> <span class='ocrx_word' id='word_1_123' title='bbox 433 1848 599 1933; x_wconf 88' lang='grc' dir='ltr'><strong><em>γένοιντο,</em></strong></span> <span class='ocrx_word' id='word_1_124' title='bbox 615 1847 809 1934; x_wconf 76' lang='grc' dir='ltr'><strong><em>ἐλευθερίας</em></strong></span> <span class='ocrx_word' id='word_1_125' title='bbox 823 1850 1117 1933; x_wconf 76' lang='grc' dir='ltr'><strong><em>μεταποιήσεσθαι,</em></strong></span> 
     </span>
     <span class='ocr_line' id='line_1_17' title="bbox 97 1953 1118 2042; baseline 0.001 -23"><span class='ocrx_word' id='word_1_126' title='bbox 97 1953 153 2019; x_wconf 82' lang='grc' dir='ltr'><strong><em>καὶ</em></strong></span> <span class='ocrx_word' id='word_1_127' title='bbox 170 1955 232 2038; x_wconf 79' lang='grc' dir='ltr'><strong><em>τὴν</em></strong></span> <span class='ocrx_word' id='word_1_128' title='bbox 251 1956 340 2042; x_wconf 86' lang='grc' dir='ltr'><strong><em>παρά</em></strong></span> <span class='ocrx_word' id='word_1_129' title='bbox 357 1966 425 2020; x_wconf 90' lang='grc' dir='ltr'><strong><em>τῶν</em></strong></span> <span class='ocrx_word' id='word_1_130' title='bbox 443 1955 627 2040; x_wconf 87' lang='grc' dir='ltr'><strong><em>συμμάχων</em></strong></span> <span class='ocrx_word' id='word_1_131' title='bbox 645 1953 835 2039; x_wconf 80' lang='grc' dir='ltr'><strong><em>ἀφιγμένην</em></strong></span> <span class='ocrx_word' id='word_1_132' title='bbox 854 1956 1000 2040; x_wconf 77' lang='grc' dir='ltr'><strong><em>δύναμιν</em></strong></span> <span class='ocrx_word' id='word_1_133' title='bbox 1013 1971 1118 2041; x_wconf 89' lang='grc' dir='ltr'><strong><em>προσ-</em></strong></span> 
     </span>
     <span class='ocr_line' id='line_1_18' title="bbox 63 2061 1119 2150; baseline 0 -22"><span class='ocrx_word' id='word_1_134' title='bbox 63 2065 84 2128; x_wconf 81' lang='grc'>2</span> <span class='ocrx_word' id='word_1_135' title='bbox 99 2063 213 2146; x_wconf 85' lang='grc' dir='ltr'><strong><em>λαβὼν</em></strong></span> <span class='ocrx_word' id='word_1_136' title='bbox 230 2066 342 2150; x_wconf 75' lang='grc' dir='ltr'><strong><em>πολλῶ</em></strong></span> <span class='ocrx_word' id='word_1_137' title='bbox 362 2064 501 2127; x_wconf 89' lang='grc' dir='ltr'><strong><em>πλείονα</em></strong></span> <span class='ocrx_word' id='word_1_138' title='bbox 519 2069 577 2145; x_wconf 79' lang='grc' dir='ltr'><strong><em>τῆς</em></strong></span> <span class='ocrx_word' id='word_1_139' title='bbox 591 2065 760 2144; x_wconf 79' lang='grc' dir='ltr'><strong><em>πολιτικῆς</em></strong></span> <span class='ocrx_word' id='word_1_140' title='bbox 774 2061 999 2147; x_wconf 83' lang='grc' dir='ltr'><strong><em>ὑπάρχουσαν.</em></strong></span> <span class='ocrx_word' id='word_1_141' title='bbox 1031 2063 1119 2149; x_wconf 77' lang='grc' dir='ltr'><strong><em>δῃῶ-</em></strong></span> 
     </span>
     <span class='ocr_line' id='line_1_19' title="bbox 98 2163 1119 2254; baseline 0.003 -21"><span class='ocrx_word' id='word_1_142' title='bbox 98 2184 159 2245; x_wconf 92' lang='grc' dir='ltr'><strong><em>σας</em></strong></span> <span class='ocrx_word' id='word_1_143' title='bbox 182 2163 213 2232; x_wconf 82' lang='grc' dir='ltr'><strong><em>θ’</em></strong></span> <span class='ocrx_word' id='word_1_144' title='bbox 237 2166 348 2233; x_wconf 83' lang='grc' dir='ltr'><strong><em>αὐτῶν</em></strong></span> <span class='ocrx_word' id='word_1_145' title='bbox 371 2169 450 2246; x_wconf 89' lang='grc' dir='ltr'><strong><em>τοὺς</em></strong></span> <span class='ocrx_word' id='word_1_146' title='bbox 469 2168 593 2253; x_wconf 84' lang='grc' dir='ltr'><strong><em>ἀγροὺς</em></strong></span> <span class='ocrx_word' id='word_1_147' title='bbox 610 2164 666 2233; x_wconf 79' lang='grc' dir='ltr'><strong><em>καί</em></strong></span> <span class='ocrx_word' id='word_1_148' title='bbox 684 2169 764 2244; x_wconf 89' lang='grc' dir='ltr'><strong><em>τοὺς</em></strong></span> <span class='ocrx_word' id='word_1_149' title='bbox 783 2167 884 2252; x_wconf 85' lang='grc' dir='ltr'><strong><em>ὁμόσε</em></strong></span> <span class='ocrx_word' id='word_1_150' title='bbox 901 2172 1119 2254; x_wconf 80' lang='grc' dir='ltr'><strong><em>χωρήσαντας</em></strong></span> 
     </span>
     <span class='ocr_line' id='line_1_20' title="bbox 98 2270 1118 2362; baseline 0.003 -22"><span class='ocrx_word' id='word_1_151' title='bbox 98 2275 184 2362; x_wconf 83' lang='grc' dir='ltr'><strong><em>μάχχχ</em></strong></span> <span class='ocrx_word' id='word_1_152' title='bbox 208 2277 346 2358; x_wconf 79' lang='grc' dir='ltr'><strong><em>νικήσας</em></strong></span> <span class='ocrx_word' id='word_1_153' title='bbox 369 2272 422 2340; x_wconf 83' lang='grc' dir='ltr'><strong><em>ἐπὶ</em></strong></span> <span class='ocrx_word' id='word_1_154' title='bbox 445 2277 525 2351; x_wconf 85' lang='grc' dir='ltr'><strong><em>τοὺς</em></strong></span> <span class='ocrx_word' id='word_1_155' title='bbox 546 2270 774 2358; x_wconf 84' lang='grc' dir='ltr'><strong><em>καλουμένους</em></strong></span> <span class='ocrx_word' id='word_1_156' title='bbox 794 2276 1035 2358; x_wconf 86' lang='grc' dir='ltr'><strong><em>Πωμεντίνους</em></strong></span> <span class='ocrx_word' id='word_1_157' title='bbox 1057 2271 1118 2360; x_wconf 77' lang='grc' dir='ltr'><strong><em>ἦγε</em></strong></span> 
     </span>
     <span class='ocr_line' id='line_1_21' title="bbox 58 2377 1117 2469; baseline 0.003 -26"><span class='ocrx_word' id='word_1_158' title='bbox 58 2403 84 2443; x_wconf 81' lang='grc' dir='ltr'><strong><em>εο</em></strong></span> <span class='ocrx_word' id='word_1_159' title='bbox 98 2383 159 2466; x_wconf 79' lang='grc' dir='ltr'><strong><em>τὴν</em></strong></span> <span class='ocrx_word' id='word_1_160' title='bbox 179 2383 334 2466; x_wconf 77' lang='grc' dir='ltr'><strong><em>δύναμιν,</em></strong></span> <span class='ocrx_word' id='word_1_161' title='bbox 358 2384 395 2446; x_wconf 78' lang='grc' dir='ltr'><strong><em>οἳ</em></strong></span> <span class='ocrx_word' id='word_1_162' title='bbox 408 2385 508 2447; x_wconf 88' lang='grc' dir='ltr'><strong><em>πόλιν</em></strong></span> <span class='ocrx_word' id='word_1_163' title='bbox 526 2377 587 2466; x_wconf 73' lang='grc' dir='ltr'><strong><em>μὲν</em></strong></span> <span class='ocrx_word' id='word_1_164' title='bbox 602 2381 760 2446; x_wconf 70' lang='grc' dir='ltr'><strong><em>Σύεσσαν</em></strong></span> <span class='ocrx_word' id='word_1_165' title='bbox 778 2379 902 2469; x_wconf 75' lang='grc' dir='ltr'><strong><em>ρ’ίκουν,</em></strong></span> <span class='ocrx_word' id='word_1_166' title='bbox 921 2380 1117 2466; x_wconf 82' lang='grc' dir='ltr'><strong><em>εύθαιμονέ-</em></strong></span> 
     </span>
     <span class='ocr_line' id='line_1_22' title="bbox 98 2482 1118 2574; baseline -0.001 -20"><span class='ocrx_word' id='word_1_167' title='bbox 98 2505 211 2554; x_wconf 91' lang='grc' dir='ltr'><strong><em>στατοι</em></strong></span> <span class='ocrx_word' id='word_1_168' title='bbox 244 2486 274 2553; x_wconf 81' lang='grc' dir='ltr'><strong><em>θ’</em></strong></span> <span class='ocrx_word' id='word_1_169' title='bbox 303 2489 445 2555; x_wconf 80' lang='grc' dir='ltr'><strong><em>ἐδόκουν</em></strong></span> <span class='ocrx_word' id='word_1_170' title='bbox 476 2488 632 2554; x_wconf 80' lang='grc' dir='ltr'><strong><em>ἁπάντων</em></strong></span> <span class='ocrx_word' id='word_1_171' title='bbox 662 2482 748 2553; x_wconf 85' lang='grc' dir='ltr'><strong><em>εἶναι</em></strong></span> <span class='ocrx_word' id='word_1_172' title='bbox 777 2498 845 2553; x_wconf 91' lang='grc' dir='ltr'><strong><em>τῶν</em></strong></span> <span class='ocrx_word' id='word_1_173' title='bbox 874 2489 1118 2574; x_wconf 76' lang='grc' dir='ltr'><strong><em>πλησιοχώρου</em></strong></span> 
     </span>
     <span class='ocr_line' id='line_1_23' title="bbox 97 2591 1118 2680; baseline -0.002 -20"><span class='ocrx_word' id='word_1_174' title='bbox 97 2591 153 2660; x_wconf 80' lang='grc' dir='ltr'><strong><em>καί</em></strong></span> <span class='ocrx_word' id='word_1_175' title='bbox 181 2598 237 2661; x_wconf 80' lang='grc' dir='ltr'><strong><em>διά</em></strong></span> <span class='ocrx_word' id='word_1_176' title='bbox 263 2596 325 2679; x_wconf 78' lang='grc' dir='ltr'><strong><em>τὴν</em></strong></span> <span class='ocrx_word' id='word_1_177' title='bbox 351 2596 480 2679; x_wconf 78' lang='grc' dir='ltr'><strong><em>πολλὴν</em></strong></span> <span class='ocrx_word' id='word_1_178' title='bbox 508 2596 665 2680; x_wconf 86' lang='grc' dir='ltr'><strong><em>εὐτυχίαν</em></strong></span> <span class='ocrx_word' id='word_1_179' title='bbox 688 2594 790 2658; x_wconf 87' lang='grc' dir='ltr'><strong><em>άπασι</em></strong></span> <span class='ocrx_word' id='word_1_180' title='bbox 813 2591 956 2678; x_wconf 77' lang='grc' dir='ltr'><strong><em>λυπηροὶ</em></strong></span> <span class='ocrx_word' id='word_1_181' title='bbox 979 2591 1034 2659; x_wconf 87' lang='grc' dir='ltr'><strong><em>καὶ</em></strong></span> <span class='ocrx_word' id='word_1_182' title='bbox 1058 2597 1118 2677; x_wconf 90' lang='grc' dir='ltr'><strong><em>βα-</em></strong></span> 
     </span>
     <span class='ocr_line' id='line_1_24' title="bbox 98 2698 1116 2789; baseline 0 -21"><span class='ocrx_word' id='word_1_183' title='bbox 98 2699 180 2788; x_wconf 59' lang='grc' dir='ltr'><strong><em>ρεῖς,</em></strong></span> <span class='ocrx_word' id='word_1_184' title='bbox 196 2703 346 2786; x_wconf 86' lang='grc' dir='ltr'><strong><em>ἐγκαλῶν</em></strong></span> <span class='ocrx_word' id='word_1_185' title='bbox 364 2701 478 2778; x_wconf 80' lang='grc' dir='ltr'><strong><em>αὐτοῖς</em></strong></span> <span class='ocrx_word' id='word_1_186' title='bbox 495 2701 645 2785; x_wconf 87' lang='grc' dir='ltr'><strong><em>ἁρπαγάς</em></strong></span> <span class='ocrx_word' id='word_1_187' title='bbox 662 2724 757 2778; x_wconf 90' lang='grc' dir='ltr'><strong><em>τινας</em></strong></span> <span class='ocrx_word' id='word_1_188' title='bbox 774 2698 829 2766; x_wconf 79' lang='grc' dir='ltr'><strong><em>καί</em></strong></span> <span class='ocrx_word' id='word_1_189' title='bbox 848 2703 1010 2787; x_wconf 74' lang='grc' dir='ltr'><strong><em>λῃστείας,</em></strong></span> <span class='ocrx_word' id='word_1_190' title='bbox 1031 2699 1116 2789; x_wconf 71' lang='grc' dir='ltr'><strong><em>ὑπὲρ</em></strong></span> 
     </span>
    </p>
   </div>
   <div class='ocr_carea' id='block_1_3' title="bbox 97 2892 1119 3520">
    <p class='ocr_par' dir='ltr' id='par_1_5' title="bbox 97 2892 1119 3520">
     <span class='ocr_line' id='line_1_25' title="bbox 169 2892 1115 2964; baseline -0.001 -15"><span class='ocrx_word' id='word_1_191' title='bbox 169 2901 185 2950; x_wconf 79' lang='grc'>2</span> <span class='ocrx_word' id='word_1_192' title='bbox 204 2902 254 2964; x_wconf 81' lang='grc' dir='ltr'><strong><em>τῆς</em></strong></span> <span class='ocrx_word' id='word_1_193' title='bbox 271 2896 375 2956; x_wconf 86' lang='grc' dir='ltr'><strong><em>θυσίας</em></strong></span> <span class='ocrx_word' id='word_1_194' title='bbox 393 2893 419 2947; x_wconf 84' lang='lat' dir='ltr'><strong>R</strong></span> <span class='ocrx_word' id='word_1_195' title='bbox 454 2895 559 2957; x_wconf 86' lang='grc' dir='ltr'><strong><em>θυσίας</em></strong></span> <span class='ocrx_word' id='word_1_196' title='bbox 576 2892 599 2945; x_wconf 92' lang='grc' dir='ltr'>Β</span> <span class='ocrx_word' id='word_1_197' title='bbox 668 2899 683 2947; x_wconf 88' lang='grc'>3</span> <span class='ocrx_word' id='word_1_198' title='bbox 703 2893 790 2956; x_wconf 82' lang='grc' dir='ltr'><strong><em>αύτάς</em></strong></span> <span class='ocrx_word' id='word_1_199' title='bbox 808 2910 831 2947; x_wconf 87' lang='grc' dir='ltr'><strong><em>ο.</em></strong></span> <span class='ocrx_word' id='word_1_200' title='bbox 852 2892 977 2948; x_wconf 68' lang='lat' dir='ltr'><strong>Sintenis</strong></span> <span class='ocrx_word' id='word_1_201' title='bbox 996 2893 1115 2948; x_wconf 82' lang='lat' dir='ltr'>Hermes</span> 
     </span>
     <span class='ocr_line' id='line_1_26' title="bbox 97 2962 1117 3028; baseline -0.001 -9"><span class='ocrx_word' id='word_1_202' title='bbox 97 2966 181 3020; x_wconf 77' lang='lat'>1472</span> <span class='ocrx_word' id='word_1_203' title='bbox 241 2964 327 3028; x_wconf 82' lang='grc' dir='ltr'><strong><em>4τάς</em></strong></span> <span class='ocrx_word' id='word_1_204' title='bbox 345 2963 441 3019; x_wconf 90' lang='lat' dir='ltr'><strong>om.B</strong></span> <span class='ocrx_word' id='word_1_205' title='bbox 509 2962 586 3027; x_wconf 78' lang='grc' dir='ltr'><strong><em>ὅείς</em></strong></span> <span class='ocrx_word' id='word_1_206' title='bbox 604 2963 733 3027; x_wconf 81' lang='grc' dir='ltr'><strong><em>αύτὰςΒ</em></strong></span> <span class='ocrx_word' id='word_1_207' title='bbox 771 2962 811 3027; x_wconf 87' lang='grc' dir='ltr'><strong><em>είς</em></strong></span> <span class='ocrx_word' id='word_1_208' title='bbox 829 2965 933 3026; x_wconf 81' lang='grc' dir='ltr'><strong><em>ταύτας</em></strong></span> <span class='ocrx_word' id='word_1_209' title='bbox 950 2963 976 3017; x_wconf 78' lang='lat' dir='ltr'><strong>R</strong></span> <span class='ocrx_word' id='word_1_210' title='bbox 995 2964 1031 3019; x_wconf 83' lang='lat' dir='ltr'><strong><em>ef.</em></strong></span> <span class='ocrx_word' id='word_1_211' title='bbox 1052 2964 1117 3019; x_wconf 80' lang='lat' dir='ltr'>Sin-</span> 
     </span>
     <span class='ocr_line' id='line_1_27' title="bbox 99 3033 1116 3106; baseline 0 -15"><span class='ocrx_word' id='word_1_212' title='bbox 99 3036 173 3091; x_wconf 76' lang='lat' dir='ltr'><strong>tenis</strong></span> <span class='ocrx_word' id='word_1_213' title='bbox 191 3036 251 3090; x_wconf 84' lang='lat' dir='ltr'><strong><em>Em.</em></strong></span> <span class='ocrx_word' id='word_1_214' title='bbox 271 3035 353 3090; x_wconf 87' lang='lat' dir='ltr'><strong>Dion.</strong></span> <span class='ocrx_word' id='word_1_215' title='bbox 372 3037 399 3089; x_wconf 83' lang='lat'><strong><em>11</em></strong></span> <span class='ocrx_word' id='word_1_216' title='bbox 418 3042 433 3090; x_wconf 82' lang='lat'><strong>7</strong></span> <span class='ocrx_word' id='word_1_217' title='bbox 511 3041 527 3089; x_wconf 87' lang='lat'>8</span> <span class='ocrx_word' id='word_1_218' title='bbox 546 3035 666 3106; x_wconf 87' lang='grc' dir='ltr'><strong><em>τούτοις]</em></strong></span> <span class='ocrx_word' id='word_1_219' title='bbox 691 3042 790 3105; x_wconf 78' lang='grc' dir='ltr'><strong><em>φυτοῖς</em></strong></span> <span class='ocrx_word' id='word_1_220' title='bbox 815 3052 838 3091; x_wconf 92' lang='grc' dir='ltr'><strong><em>ο.</em></strong></span> <span class='ocrx_word' id='word_1_221' title='bbox 857 3034 997 3090; x_wconf 72' lang='grc' dir='ltr'><strong><em>Βῶοθολοτ</em></strong></span> <span class='ocrx_word' id='word_1_222' title='bbox 1013 3040 1017 3102; x_wconf 91' lang='grc'>1</span> <span class='ocrx_word' id='word_1_223' title='bbox 1034 3033 1068 3090; x_wconf 86' lang='grc' dir='ltr'><strong><em>αί</em></strong></span> <span class='ocrx_word' id='word_1_224' title='bbox 1084 3033 1116 3091; x_wconf 70' lang='grc' dir='ltr'><strong><em>θλ</em></strong></span> 
     </span>
     <span class='ocr_line' id='line_1_28' title="bbox 99 3101 1116 3178; baseline 0 -16"><span class='ocrx_word' id='word_1_225' title='bbox 99 3105 198 3178; x_wconf 77' lang='grc' dir='ltr'><strong><em>ὅμοιόν</em></strong></span> <span class='ocrx_word' id='word_1_226' title='bbox 211 3127 238 3161; x_wconf 94' lang='grc' dir='ltr'><strong><em>τι</em></strong></span> <span class='ocrx_word' id='word_1_227' title='bbox 252 3107 361 3170; x_wconf 88' lang='grc' dir='ltr'><strong><em>τούτοις</em></strong></span> <span class='ocrx_word' id='word_1_228' title='bbox 375 3103 436 3162; x_wconf 80' lang='grc' dir='ltr'><strong><em>οἷον</em></strong></span> <span class='ocrx_word' id='word_1_229' title='bbox 450 3107 487 3162; x_wconf 80' lang='grc' dir='ltr'><strong><em>άκ</em></strong></span> <span class='ocrx_word' id='word_1_230' title='bbox 507 3104 596 3178; x_wconf 76' lang='grc' dir='ltr'><strong><em>όδρνα</em></strong></span> <span class='ocrx_word' id='word_1_231' title='bbox 610 3106 659 3161; x_wconf 81' lang='grc' dir='ltr'><strong><em>καί</em></strong></span> <span class='ocrx_word' id='word_1_232' title='bbox 672 3105 820 3169; x_wconf 85' lang='grc' dir='ltr'><strong><em>πελάνους.</em></strong></span> <span class='ocrx_word' id='word_1_233' title='bbox 846 3101 909 3170; x_wconf 71' lang='grc' dir='ltr'><strong><em>ἐνὸς</em></strong></span> <span class='ocrx_word' id='word_1_234' title='bbox 923 3103 954 3160; x_wconf 72' lang='grc' dir='ltr'><strong><em>δὲ</em></strong></span> <span class='ocrx_word' id='word_1_235' title='bbox 969 3124 993 3161; x_wconf 88' lang='grc' dir='ltr'><strong><em>ο,</em></strong></span> <span class='ocrx_word' id='word_1_236' title='bbox 1003 3107 1116 3176; x_wconf 78' lang='lat' dir='ltr'><strong>R-eiske,</strong></span> 
     </span>
     <span class='ocr_line' id='line_1_29' title="bbox 98 3128 1119 3250; baseline 0.001 -17"><span class='ocrx_word' id='word_1_237' title='bbox 98 3177 180 3250; x_wconf 85' lang='grc' dir='ltr'><strong><em>γένος</em></strong></span> <span class='ocrx_word' id='word_1_238' title='bbox 198 3196 232 3233; x_wconf 82' lang='lat' dir='ltr'><strong><em>ex</em></strong></span> <span class='ocrx_word' id='word_1_239' title='bbox 251 3173 314 3240; x_wconf 78' lang='grc' dir='ltr'><strong><em>ἐνὸς</em></strong></span> <span class='ocrx_word' id='word_1_240' title='bbox 331 3178 467 3232; x_wconf 66' lang='lat' dir='ltr'>iteratum</span> <span class='ocrx_word' id='word_1_241' title='bbox 486 3128 540 3234; x_wconf 58' lang='lat' dir='ltr'><strong><em>gel.</em></strong></span> <span class='ocrx_word' id='word_1_242' title='bbox 559 3177 643 3246; x_wconf 82' lang='lat' dir='ltr'>idem,</span> <span class='ocrx_word' id='word_1_243' title='bbox 662 3175 697 3232; x_wconf 83' lang='grc' dir='ltr'><strong><em>αί</em></strong></span> <span class='ocrx_word' id='word_1_244' title='bbox 711 3176 743 3232; x_wconf 77' lang='grc' dir='ltr'><strong><em>δὲ</em></strong></span> <span class='ocrx_word' id='word_1_245' title='bbox 758 3175 896 3249; x_wconf 82' lang='grc' dir='ltr'><strong><em>γάλακτός</em></strong></span> <span class='ocrx_word' id='word_1_246' title='bbox 909 3198 936 3232; x_wconf 89' lang='grc' dir='ltr'><strong><em>τι</em></strong></span> <span class='ocrx_word' id='word_1_247' title='bbox 950 3173 1065 3249; x_wconf 85' lang='grc' dir='ltr'><strong><em>μέτρον,</em></strong></span> <span class='ocrx_word' id='word_1_248' title='bbox 1085 3177 1119 3234; x_wconf 82' lang='grc' dir='ltr'><strong><em>αί</em></strong></span> 
     </span>
     <span class='ocr_line' id='line_1_30' title="bbox 99 3246 1116 3320; baseline -0.001 -15"><span class='ocrx_word' id='word_1_249' title='bbox 99 3249 131 3305; x_wconf 73' lang='grc' dir='ltr'><strong><em>δὲ</em></strong></span> <span class='ocrx_word' id='word_1_250' title='bbox 151 3253 248 3320; x_wconf 88' lang='grc' dir='ltr'><strong><em>ίτριον,</em></strong></span> <span class='ocrx_word' id='word_1_251' title='bbox 268 3247 301 3303; x_wconf 85' lang='grc' dir='ltr'><strong><em>αί</em></strong></span> <span class='ocrx_word' id='word_1_252' title='bbox 317 3247 348 3304; x_wconf 74' lang='grc' dir='ltr'><strong><em>δὲ</em></strong></span> <span class='ocrx_word' id='word_1_253' title='bbox 369 3249 384 3303; x_wconf 77' lang='grc' dir='ltr'>ὅ</span> <span class='ocrx_word' id='word_1_254' title='bbox 405 3247 466 3304; x_wconf 88' lang='grc' dir='ltr'><strong><em>οιόν</em></strong></span> <span class='ocrx_word' id='word_1_255' title='bbox 484 3269 511 3303; x_wconf 92' lang='grc' dir='ltr'><strong><em>τι</em></strong></span> <span class='ocrx_word' id='word_1_256' title='bbox 529 3248 638 3312; x_wconf 88' lang='grc' dir='ltr'><strong><em>τούτοις</em></strong></span> <span class='ocrx_word' id='word_1_257' title='bbox 656 3248 749 3303; x_wconf 81' lang='lat' dir='ltr'><strong>verbis</strong></span> <span class='ocrx_word' id='word_1_258' title='bbox 768 3248 892 3303; x_wconf 86' lang='grc' dir='ltr'><strong><em>πελάνου</em></strong></span> <span class='ocrx_word' id='word_1_259' title='bbox 912 3246 993 3319; x_wconf 83' lang='grc' dir='ltr'><strong><em>γένος</em></strong></span> <span class='ocrx_word' id='word_1_260' title='bbox 1013 3249 1116 3304; x_wconf 79' lang='lat' dir='ltr'>deletis</span> 
     </span>
     <span class='ocr_line' id='line_1_31' title="bbox 100 3319 1118 3391; baseline 0 -15"><span class='ocrx_word' id='word_1_261' title='bbox 100 3321 225 3377; x_wconf 79' lang='lat' dir='ltr'>Sintenis</span> <span class='ocrx_word' id='word_1_262' title='bbox 243 3321 360 3376; x_wconf 83' lang='lat' dir='ltr'><strong>Hermes</strong></span> <span class='ocrx_word' id='word_1_263' title='bbox 402 3328 467 3388; x_wconf 78' lang='lat'><strong><em>47¹3</em></strong></span> <span class='ocrx_word' id='word_1_264' title='bbox 487 3321 561 3375; x_wconf 86' lang='lat' dir='ltr'>hunc</span> <span class='ocrx_word' id='word_1_265' title='bbox 581 3322 693 3374; x_wconf 76' lang='lat' dir='ltr'><strong>secutus</strong></span> <span class='ocrx_word' id='word_1_266' title='bbox 712 3320 799 3374; x_wconf 76' lang='lat' dir='ltr'>verba</span> <span class='ocrx_word' id='word_1_267' title='bbox 817 3319 910 3376; x_wconf 82' lang='lat' dir='ltr'>delevi</span> <span class='ocrx_word' id='word_1_268' title='bbox 928 3319 1053 3375; x_wconf 85' lang='grc' dir='ltr'><strong><em>πελάνου</em></strong></span> <span class='ocrx_word' id='word_1_269' title='bbox 1072 3320 1118 3391; x_wconf 87' lang='grc' dir='ltr'><strong><em>γε’-</em></strong></span> 
     </span>
     <span class='ocr_line' id='line_1_32' title="bbox 99 3389 1116 3461; baseline -0.004 -13"><span class='ocrx_word' id='word_1_270' title='bbox 99 3413 156 3461; x_wconf 87' lang='grc' dir='ltr'><strong><em>νος,</em></strong></span> <span class='ocrx_word' id='word_1_271' title='bbox 176 3394 226 3448; x_wconf 84' lang='lat' dir='ltr'><strong><em>sed</em></strong></span> <span class='ocrx_word' id='word_1_272' title='bbox 244 3392 317 3447; x_wconf 82' lang='lat' dir='ltr'>nihil</span> <span class='ocrx_word' id='word_1_273' title='bbox 334 3391 448 3448; x_wconf 80' lang='lat' dir='ltr'><strong>inserui.</strong></span> <span class='ocrx_word' id='word_1_274' title='bbox 522 3397 555 3446; x_wconf 92' lang='lat'><strong><em>10</em></strong></span> <span class='ocrx_word' id='word_1_275' title='bbox 574 3389 665 3461; x_wconf 73' lang='grc' dir='ltr'><strong><em>*ὑπὲρ</em></strong></span> <span class='ocrx_word' id='word_1_276' title='bbox 684 3389 798 3446; x_wconf 84' lang='grc' dir='ltr'><strong><em>πάντων</em></strong></span> <span class='ocrx_word' id='word_1_277' title='bbox 819 3393 841 3446; x_wconf 92' lang='grc' dir='ltr'>Ο</span> <span class='ocrx_word' id='word_1_278' title='bbox 921 3397 953 3447; x_wconf 85' lang='grc'><strong><em>18</em></strong></span> <span class='ocrx_word' id='word_1_279' title='bbox 973 3389 1001 3444; x_wconf 83' lang='grc' dir='ltr'><strong><em>θ’</em></strong></span> <span class='ocrx_word' id='word_1_280' title='bbox 1020 3408 1074 3446; x_wconf 85' lang='lat' dir='ltr'><strong><em>om.</em></strong></span> <span class='ocrx_word' id='word_1_281' title='bbox 1094 3393 1116 3444; x_wconf 91' lang='lat' dir='ltr'>B</span> 
     </span>
     <span class='ocr_line' id='line_1_33' title="bbox 98 3464 982 3520; baseline 0.002 -3"><span class='ocrx_word' id='word_1_282' title='bbox 98 3470 135 3519; x_wconf 82' lang='lat'><strong><em>20</em></strong></span> <span class='ocrx_word' id='word_1_283' title='bbox 152 3464 342 3520; x_wconf 86' lang='grc' dir='ltr'><strong><em>ΣούεσσανΟ</em></strong></span> <span class='ocrx_word' id='word_1_284' title='bbox 979 3492 982 3497; x_wconf 88' lang='lat'><em>·</em></span> 
     </span>
    </p>
   </div>
   <div class='ocr_carea' id='block_1_4' title="bbox 0 0 1212 3840">
    <p class='ocr_par' dir='ltr' id='par_1_6' title="bbox 0 0 1212 3840">
     <span class='ocr_line' id='line_1_34' title="bbox 0 0 1212 3840; baseline 0 0"><span class='ocrx_word' id='word_1_285' title='bbox 0 0 1212 3840; x_wconf 95' lang='lat' dir='ltr'><strong><em> </em></strong></span> 
     </span>
    </p>
   </div>
  </div>
 </body>
</html>
