2414 3840
506 179 666 230 -ς-
1030 177 1095 244 309

83 338 249 421 ἐπίθεσιν,
273 338 329 404 ἵνα
351 335 432 423 πρὶν
455 336 638 403 αἰσθέσθαι
656 342 734 416 τοὺς
753 341 853 405 ἔνδον
873 338 925 405 ἐπὶ
944 349 984 425 τῇ
1001 345 1096 407 πόλει

38 443 260 528 ιιιγένωνται·
291 443 348 510 καὶ
371 445 476 532 ῥᾷστα
499 444 541 511 δν
565 445 749 530 ἐκράτησαν
772 447 893 529 αὐτῶν,
917 448 949 512 εί
965 448 1008 532 μη
1028 459 1095 513 τῶν

83 556 194 629 ψιλῶν
215 573 303 628 τινες
326 551 584 636 ἀποσχισθέντες
605 562 663 637 τῆς
685 554 866 638 φάλαγγος,
890 553 1006 631 αὐλαῖς
1027 553 1095 619 ἐπι-

83 659 265 742 βάλλοντες
283 657 432 744 άρπαγῆς
450 658 547 724 ἕνεκα
565 662 718 744 θόρυβον
737 660 944 746 εἰργάσαντο.
979 663 1042 744 βοή
1061 684 1095 725 τε
1110 661 1131 725 2

83 766 148 849 γὰρ
177 763 280 839 εὐθὺς
311 762 440 847 ἐγένετο
469 764 525 831 καὶ
553 768 676 850 δρόμος
702 776 770 832 τῶν
798 778 956 852 γεωργῶν
985 767 1031 844 είς
1057 770 1118 833 τὸε

83 881 201 955 τεῖχος,
224 869 304 956 πρὶν
326 871 347 955 ἢ
366 883 437 948 ταῖς
455 873 575 948 πύλαις
593 875 671 948 τοὺς
688 875 868 956 πολεμίους
886 879 1095 958 προσελθεῖν.

84 977 129 1054 ὡς
153 974 184 1041 δ’
207 979 359 1060 ἔγνωσαν
382 977 492 1042 αὐτῶν
514 978 576 1059 την
600 979 725 1062 ἔφοδον
745 978 780 1042 oc
795 980 877 1043 κατά
895 982 993 1044 πόλιν
1011 986 1096 1045 θεω-

84 1093 224 1167 ροῦντες
246 1082 367 1167 μεταξὺ
389 1081 444 1148 καὶ
467 1085 546 1160 τοὺς
569 1083 755 1168 στεφάνους
778 1082 977 1168 ἐπικείμενοι
1000 1108 1096 1150 κατα-

84 1192 237 1265 λιπόντες
250 1191 329 1265 τοὺς
342 1189 473 1284 ἀγῶνας
489 1187 542 1254 ἐπὶ
555 1191 595 1254 τά
610 1189 695 1255 ὅπλα
709 1173 882 1276 ὥρμησαν·
900 1189 956 1256 καὶ
970 1192 1097 1276 φθάνει
1173 1230 1176 1237 ·

83 1304 129 1385 τῷ
141 1298 327 1383 Σερουιλίφ
342 1301 548 1379 συναχθεῖσα
564 1297 705 1381 δύναμις
719 1296 974 1374 αὐτοκέλευστος
988 1298 1095 1381 ίκανη,
1108 1323 1133 1364 ιο

83 1403 135 1486 ἣν.
156 1401 282 1478 ἐκεῖνος
305 1403 389 1486 ἔχων
412 1401 694 1486 συντεταγμένην,
724 1405 923 1487 προσπίπτει
945 1415 1015 1480 τοῖς
1037 1426 1096 1469 πο-

84 1511 211 1593 λεμίοις
233 1508 299 1573 ὑπό
320 1531 356 1573 τε
379 1507 565 1594 ἀγρυπνίας
588 1506 643 1573 καὶ
664 1511 771 1574 κόπου
794 1512 1097 1595 τεταλαιπωρηκόσι

84 1612 140 1680 καὶ
164 1614 205 1679 οὐ
228 1614 508 1700 προσδεχομένοις
529 1614 592 1697 τὴν
610 1624 677 1680 τῶν
691 1610 861 1698 Ῥωμαίων
880 1617 1015 1699 ἔφοδον.
1053 1616 1131 1693 ὡς3

86 1718 123 1787 δὲ
147 1719 326 1804 συνέμιξαν
349 1723 396 1798 είς
418 1732 540 1806 χεῖρας,
564 1717 693 1804 ἐγένετο
712 1721 798 1805 μάχη
818 1721 855 1785 τὸ
875 1717 935 1805 μὲν
954 1720 991 1786 ἐν
1009 1719 1097 1798 τάξει
1136 1732 1138 1735 ’

38 1826 142 1894 τισκαὶ
163 1831 276 1914 κόσμῳ
300 1829 355 1892 διὰ
379 1828 439 1911 τὴν
463 1829 615 1911 σπουδὴν
639 1825 802 1912 ἑκατέρων
826 1827 1038 1913 ἀφηρημένη,
1065 1831 1133 1895 οἳιι

86 1931 117 1999 δ’
147 1934 192 2010 ὡς
222 1932 285 1999 ἀπὸ
314 1935 415 2019 τύχης
444 1934 535 2010 τινὸς
565 1932 586 2017 ἢ
617 1933 747 2019 φάλαγξ
776 1935 923 2020 φάλαγγι
950 1933 970 2017 ἢ
1001 1937 1099 2019 λόχος

86 2043 173 2127 λόχῳ
203 2038 223 2122 ἢ
255 2039 339 2125 ἀνὴρ
368 2038 467 2126 ἀνδρὶ
495 2038 694 2123 συνέπεσον,
728 2040 835 2117 ίππεῑς
865 2063 899 2106 τε
926 2039 981 2106 καὶ
1008 2039 1097 2119 πεζοὶ

86 2147 153 2232 άμα
171 2146 378 2231 πεφυρμένοι
401 2147 572 2232 ἐμάχοντο.
610 2144 735 2231 ἀρωγοὶ
757 2140 787 2210 δ’
810 2147 922 2224 αὐτοῖς
941 2145 1098 2231 ἑκατέρω-

85 2260 151 2319 θεν
181 2250 325 2340 ἐπῄεσαν
353 2253 394 2319 οὐ
423 2254 478 2317 διά
505 2262 634 2337 μακροῦ
663 2262 730 2317 τῶν
753 2256 883 2318 πόλεων
907 2253 1034 2335 οὐσῶν,
1066 2257 1102 2318 οἰ“

85 2362 123 2426 τὸ
147 2361 276 2444 κάμνον
298 2360 590 2446 ἀναθαρρύνοντες
609 2358 661 2425 ἐπὶ
680 2360 787 2425 πολὺν
805 2362 930 2444 χρόνον
949 2358 1097 2443 ἀντέχειν
1107 2384 1134 2425 ιο

85 2477 158 2545 ταῖς
184 2470 422 2551 ταλαιπωρίαις
445 2465 591 2532 ἐποίουν.
636 2467 746 2531 ἔπειτα
770 2466 806 2530 οί
822 2462 974 2550 Ῥωμαῖοι
997 2484 1097 2552 προσ-

85 2571 269 2657 γενομένης
297 2576 393 2657 σφίσι
420 2580 478 2656 τῆς
504 2572 608 2637 ἵππου
630 2573 731 2636 πάλιν
754 2582 871 2637 νικῶσι
893 2575 972 2649 τοὺς
995 2576 1098 2656 Σαβί-

160 2808 174 2854 1
193 2800 260 2869 πρὶν
275 2797 433 2855 αἰσθέσθαι
446 2800 471 2852 Α
489 2799 527 2869 μὴ
540 2798 785 2869 προαισθέσθαιΒ
803 2801 806 2866 Ι
824 2793 883 2870 ἐπὶ]
898 2793 929 2854 έν
944 2816 966 2856 ο.
977 2800 1095 2872 ΒοίεΙαιλ

86 2869 207 2962 ἀνι
220 2870 301 2996 Βῆ.
324 2870 622 2996 6ινιάῆι
643 2867 930 2996 ἀντλίαν
950 2888 1003 2995 οι·
1022 2873 1096 2996 ἓν

86 2962 230 3080 έαιτέαόηὲ
248 2963 269 2996 π
298 2961 331 3067 δέ
349 3009 400 3066 *οἱ
415 3010 448 3067 δὲ
468 2962 555 3068 Οωδί
573 3009 602 3066 δ’
621 2984 675 3081 οςο
713 3010 742 3067 ολ
757 2962 955 3083 ἀμφότεροιαό.
975 2964 1099 3068 Εἰολοέιέε

111 3103 147 3140 m.
167 3084 249 3140 Dion.
268 3084 294 3138 II
309 3089 343 3138 28
402 3090 436 3153 17
455 3082 658 3139 συνεπλέκοντο
677 3084 702 3136 Α
739 3080 933 3138 συνέπεσονΒ
989 3090 1021 3138 18
1041 3083 1099 3152 ἅμα

85 3154 264 3226 πεφυρμένοι
283 3172 306 3210 ο.
325 3153 469 3224 Kiessling
486 3155 522 3211 cf.
542 3153 664 3209 Schenkl
681 3152 813 3225 Bursiani
831 3153 903 3209 Ann.
917 3153 1016 3208 Litter.
1036 3154 1099 3206 bre-

85 3227 157 3282 viar.
176 3245 204 3296 p.
218 3234 253 3283 36
277 3225 326 3295 qui
349 3224 455 3300 κόσμῳ,
479 3223 509 3281 οἱ
530 3223 561 3280 δὲ
585 3224 634 3279 διὰ
657 3225 708 3294 τὴν
731 3223 857 3292 σπουδὴν
881 3223 978 3298 (τῶν)
997 3218 1098 3291 ἑτέρων

87 3296 204 3362 ἕκαστος
222 3296 412 3369 ἀφῃρημένος,
432 3298 468 3360 ὡς
486 3297 542 3352 ἀπὸ
561 3297 645 3366 τόχης
664 3297 739 3360 τινὸς
758 3293 787 3367 [ἦ
807 3293 917 3375 φάλαγξ
937 3292 1061 3362 φάλαγγι
1080 3290 1097 3359 ἢ

87 3367 159 3443 λόχῳ
178 3368 258 3439 λόχος
276 3367 306 3441 ἢ]
326 3368 398 3439 ἀνὴρ
418 3368 501 3439 ἀνδρὶ
520 3366 673 3423 συνέπεσον
693 3385 750 3436 οηε.
766 3365 942 3419 scnbendum
957 3379 1017 3416 esse
1033 3379 1100 3416 cen·

88 3443 145 3509 set3
164 3440 309 3496 Meutzner
329 3440 397 3496 Ann.
415 3440 486 3509 phil.
507 3446 575 3496 1882
593 3458 621 3509 p.
636 3447 689 3495 258
707 3436 865 3492 hariolatur
