2414 3840
523 159 686 208 -Δ-
1068 153 1112 218 93

94 320 211 396 σπάνις
230 319 363 403 ἀπάσης
380 326 510 403 τροφῆς
528 316 565 383 ἐν
584 315 785 402 ἀμφοτέραις
798 318 935 381 ἔσεσθαι
949 313 1004 381 καὶ
1019 317 1112 400 δεινή

93 423 168 513 περὶ
189 434 253 491 τοῦ
277 423 459 510 μέλλοντος
482 423 622 510 ἀθυμία·
650 423 767 489 κάκιον
786 420 823 489 δὲ
840 425 920 501 τοὺς
934 418 1114 507 Ῥωμαίους

94 533 219 612 ἐπίεζεν
242 531 264 616 ή
288 534 368 610 τοὺς
391 534 538 615 Γαβίους
558 530 579 614 ή
602 540 670 596 τῶν
694 529 885 614 ἀναγκαίων
908 532 1034 612 ἔνδεια,
1058 528 1113 594 καὶ

94 639 130 705 ol
162 636 361 704 πενέστατοι
397 638 510 703 αὐτῶν
546 637 688 722 μάλιστα
721 637 904 721 κάμνοντες
935 637 1114 721 ὁμολογίας

95 745 204 832 ᾤοντο
237 747 311 810 δεῖν
342 746 549 828 ποιήσασθαι
580 745 664 829 πρὸς
693 744 772 818 τοὺς
799 745 945 825 Γαβίους
970 740 1026 807 καὶ
1053 744 1139 808 τὸνῠ

95 855 245 937 πόλεμον
269 837 324 934 ἐφ’
347 841 397 927 οἷς
420 847 462 914 ἀν
485 849 606 915 έκεῖνοι
629 848 754 915 θέλωσι
779 849 1013 913 διαλύσασθαι.

162 957 231 1023 LV.
265 951 532 1041 ’.ἀδημονοῦντος
561 949 592 1019 δ’
619 952 672 1020 ἐπὶ
700 966 771 1032 τοῖς
800 957 1025 1039 συμβεβηκόσι
1052 965 1113 1021 τοῦ

98 1065 292 1149 Ταρκυνίου
314 1059 369 1128 καλ
388 1063 465 1128 ούτε
484 1063 709 1127 διαλύσασθαι
726 1062 787 1127 τὸν
804 1064 952 1146 πόλεμον
971 1063 1113 1147 αἰσχρῶς

42 1167 327 1254 ῖτεὺπομένοντος
359 1163 430 1234 οὔτ’
453 1167 603 1255 ἀντέχειν
630 1171 679 1234 ἔτι
707 1167 914 1254 δυναμένου,
945 1169 1052 1246 πάσας
1076 1166 1113 1234 δὲ

95 1278 213 1361 πείρας
235 1272 501 1360 ἐπιτεχνωμένου
523 1272 578 1340 καὶ
602 1277 723 1353 δόλους
745 1277 979 1352 παντοδαποὺς
1001 1291 1113 1341 συντι-
1127 1288 1153 1328 ¹⁰

98 1381 232 1466 θέντος,
257 1382 275 1448 ὁ
298 1383 524 1467 πρεσβύτατος
546 1381 650 1447 αὐτοῦ
672 1392 740 1447 τῶν
762 1382 847 1447 υίῶν
861 1380 985 1460 Σέξτος
1007 1384 1114 1468 ὄνομα

95 1489 348 1574 κοινωσάμενος
378 1489 439 1572 τήν
466 1489 604 1573 γνώμην
630 1496 676 1577 τῷ
699 1486 799 1574 πατρὶ
821 1490 913 1575 μόνω
937 1487 992 1554 καὶ
1015 1488 1113 1567 δόξας

95 1599 252 1682 τολμηρῷ
285 1589 346 1678 μέν
378 1593 555 1679 ἐπιχειρεῖν
586 1595 754 1681 πράγματι
784 1593 839 1659 καὶ
869 1593 974 1679 μέγαν
1004 1597 1113 1679 ἔχοντι

96 1703 276 1784 κίνδυνον,
312 1700 353 1766 ού
385 1701 452 1784 μήν
481 1698 635 1787 ἀδυνάτῳ
662 1723 715 1783 γε,
749 1703 1026 1785 συγχωρήσαντος
1052 1710 1113 1766 τοῦ

94 1807 220 1892 πατρὸς
241 1815 352 1873 ποιεῖν
376 1805 437 1871 ὅσα
459 1806 625 1889 βούλεται,
649 1808 824 1889 σκήπτεται
844 1807 1012 1891 διαφοράν
1030 1807 1114 1892 πρὸς
1128 1817 1153 1858 1⁵

95 1914 155 1978 τὸν
176 1909 304 1997 πατέρα
327 1908 403 1998 περὶ
425 1920 483 1995 τής
504 1913 713 1988 καταλύσεως
731 1920 792 1976 τοῦ
809 1911 970 1997 πολέμου·
998 1909 1148 1997 μάστι-2

96 2016 222 2103 γωθελς
241 2014 272 2083 δ’
290 2014 346 2083 ὑπ’
369 2016 473 2083 αὐτοῦ
492 2017 630 2100 ῥάβδοις
648 2016 686 2083 έν
704 2017 809 2104 ἀγορᾷ
827 2016 883 2082 καὶ
900 2012 1004 2083 τάλλα
1021 2040 1113 2103 περι-

95 2127 285 2212 υβρισθείς,
304 2125 388 2190 ὥστε
405 2127 605 2210 περιβόητον
623 2122 783 2207 γενέσθαι
800 2126 837 2189 τὸ
856 2134 1001 2211 πρᾶγμα,
1024 2137 1113 2209 πρῶ-

96 2255 156 2298 τον
187 2228 251 2318 μέν
283 2231 320 2297 ἐκ
351 2240 418 2295 τῶν
451 2228 592 2316 ἑταίρων
619 2232 698 2308 τοὺς
724 2233 942 2308 πιστοτάτους
970 2233 1112 2313 ἔπεμπεν

97 2339 141 2415 ὡς
159 2338 369 2423 αὐτομόλους
388 2337 578 2425 φράσοντας
595 2348 665 2414 τοῖς
684 2339 820 2420 Γαβίοις
838 2335 883 2402 δι’
901 2336 1110 2423 ἀπορρήτων,
1126 2351 1153 2390 20

98 2445 147 2510 ότι
180 2450 340 2529 πολεμεῖν
366 2452 412 2533 τῷ
441 2441 541 2529 πατρὶ
568 2441 749 2527 διέγνωκεν
775 2445 820 2521 ὡς
848 2442 969 2520 αὐτοὺς
996 2442 1112 2527 ἀφικό-

98 2577 212 2637 μενος,
236 2553 268 2617 εί
289 2551 387 2635 λάβοι
408 2553 548 2634 πίστεις,
573 2550 623 2616 ότι
646 2549 853 2634 φυλάξουσιν
876 2550 979 2616 αὐτὸν
1002 2551 1112 2638 ὥσπερ

97 2657 151 2724 καὶ
173 2660 255 2736 τοὺς
278 2659 400 2735 ἀλλους
422 2659 501 2733 τοὺς
524 2656 560 2723 ἐκ
577 2654 702 2741 Ῥώμης
716 2658 880 2742 φυγάδας
900 2656 956 2723 καὶ
979 2658 1040 2723 οὐκ
1061 2658 1112 2724 έκ-

99 2767 246 2832 δύσουσι
268 2767 315 2851 τῷ
337 2762 436 2850 πατρὶ
458 2765 516 2841 τὰς
539 2765 626 2840 ἰδίας
645 2765 768 2850 ἔχθρας
785 2765 977 2842 ἐλπίσαντες
995 2763 1047 2831 ἐπὶ
1066 2774 1111 2854 τῷ

98 2870 262 2960 σφετέρην·
280 2869 488 2956 συμφέροντι
520 2870 749 2935 διαλύσεσθαι.
795 2870 945 2954 ἀσμένως
977 2869 1014 2938 δὲ
1043 2846 1152 2961 το”ιυ,35

60 2980 232 3064 ῖῖσΓαβίων
261 2979 448 3061 τὸνλόγον
476 2976 691 3042 ἀκουσάντων
718 2975 773 3042 καὶ
800 2975 905 3062 μηδὲν
933 2981 980 3056 είς
1007 2980 1111 3045 αὐτὸν

98 3087 348 3174 παρανομήσειν
385 3080 723 3167 διομολογησαμένων
753 3091 863 3168 παρῆν
895 3081 1046 3169 ἑταίρους
1076 3107 1111 3149 τε

166 3275 666 3345 Ῑσπάνιν-δεινήν-ἀθυμίανΑ
703 3274 992 3343 8διαλυθήσεσθαιΑ
1025 3280 1065 3326 19.
1076 3276 1109 3323 27

99 3344 260 3424 έτ<αί>ρων
278 3347 326 3403 Bb
346 3348 375 3401 et
393 3346 556 3416 saepissime
576 3346 640 3400 aliis
659 3347 729 3402 locis
790 3352 824 3400 21
843 3344 965 3416 πόλεμον
983 3345 1005 3397 Β
1044 3349 1059 3395 5
1079 3335 1110 3392 ἐκ

95 3417 237 3492 Ῥωμαίων
256 3421 282 3472 Α
353 3424 387 3474 25
407 3419 598 3473 διαλύσασθαι
617 3419 639 3474 O
660 3435 729 3472 corr.
750 3415 839 3471 Cobet
859 3416 924 3472 Obs.
944 3433 971 3483 p.
992 3418 1024 3465 89
