2414 3840
111 162 179 227 374
540 169 702 216 -ς-

110 324 166 390 καῖ
193 323 336 409 ἑταίρων
361 322 417 388 καῖ
440 323 638 407 ὁμοσκήνων
659 323 900 407 mma,
925 324 1126 411 ἐνικήσαμεν

109 435 190 508 τοὺς
215 435 396 514 πολεμίους
421 427 477 494 καί
503 433 583 506 τοὺς
609 430 775 513 ἡγεμόνας
800 430 914 495 αὐτῶν
935 431 1127 498 ahmein-

110 561 174 623 μεν
185 536 241 603 καί
254 539 317 620 τήν
329 538 506 620 βασιλικήν
518 535 717 620 συγγένειαν
729 537 863 601 ἃπασαν
873 538 1127 624 διεφθείραμεν.

176 643 306 709 LXXV.
327 640 449 727 ’Ἀμέν
466 644 509 726 δή
528 645 575 719 εἰς
591 644 630 707 τὸ
649 649 942 726 συνελευθερῶσαι
958 645 1126 730 ύμᾶςάπὸ
1158 626 1168 643 “

82 761 178 815 ετων
210 751 388 834 τυράννων
415 752 651 835 παρεσχόμεθα
677 747 762 833 ὑπὲρ
789 751 937 834 δύναμιν
963 752 1067 835 <διὰ>
1090 753 1127 818 τὸ

109 855 238 923 εἀντων
259 860 452 943 πρόθυμον,
474 857 537 941 ούχ
558 858 625 922 ὑπὸ
647 865 710 922 τοῦ
729 855 916 938 ἀναγκαίου
933 863 1066 941 μᾶλλον
1083 861 1128 936 είς

109 963 193 1029 αύτδ
210 965 430 1041 καταστάντες
451 964 473 1048 ἢ
495 962 552 1028 ὑπ)
574 963 708 1048 ἀρετῆς,
728 961 821 1028 ταῦτ’
843 963 946 1028 ἐστιν.
983 961 1063 1031 ἅδ’
1082 968 1128 1043 εἴς

109 1069 148 1134 τὸ
171 1073 337 1155 τιμᾶσθαί
353 1094 389 1136 τε
412 1067 468 1135 καῖ
486 1071 602 1154 ἄρχειν
621 1068 746 1154 ἑτέρων
764 1071 967 1135 δυναστείαν
984 1095 1021 1136 τε
1038 1094 1127 1157 περι·

109 1175 274 1260 βαλέσθαι
301 1180 399 1262 μείζω
426 1176 448 1260 ἢ
474 1178 558 1241 κατὰ
584 1178 647 1260 τὴν
674 1176 708 1254 ἐξ
736 1176 838 1261 ἀρχῆς
865 1177 1008 1262 δόκησιν
1030 1179 1127 1244 ἀκού

71 1301 98 1340 1⁰
111 1300 202 1366 σατε,
224 1280 281 1347 καί
303 1284 403 1364 ὅπως,
426 1283 486 1346 ἐάν
507 1306 540 1346 τι
562 1282 762 1367 παρατρέψω
784 1284 845 1348 τὸν
863 1286 968 1366 λόγον
986 1284 1051 1362 ἔξω
1068 1294 1126 1350 τοῦ

110 1387 277 1472 ἀληθοῦς,
309 1389 420 1472 ὥσπερ
447 1386 503 1452 καί
530 1387 713 1473 ἀρχόμενος
740 1383 850 1472 εἷπον,
883 1389 1129 1456 ἐναντιώσεσθέ

75 1494 176 1578 ἳμοι.
213 1494 295 1578 ύμῖν
312 1495 377 1579 γὰρ
391 1493 505 1578 ἐπειδὴ
519 1496 557 1559 τὸ
572 1493 719 1578 ἀσφαλὲς
732 1505 790 1578 τῆς
803 1495 1000 1577 ἐλευθερίας
1012 1497 1126 1575 ἔδοξεν

110 1595 196 1666 είναι
219 1600 368 1685 βέβαιον,
391 1600 454 1665 οὐκ
477 1598 663 1684 ἀπέχρησεν
686 1598 740 1665 ἐπὶ
758 1602 883 1666 τούτου
900 1600 1028 1688 μένειν,
1051 1600 1182 1671 ἀλλίειι

110 1706 164 1773 ἐπὶ
186 1709 224 1773 τὸ
247 1712 374 1792 τολμᾶν
395 1705 452 1771 καὶ
474 1717 728 1790 νεωτεροποιεῖν
751 1706 971 1791 ὁρμήσαντες,
1000 1709 1126 1794 ἐχθρὸν

70 1830 96 1871 15
110 1812 141 1879 δ’
168 1820 249 1891 ἴσως
275 1815 364 1879 ἅπαν
390 1813 572 1897 ἡγούμενοι
597 1814 636 1877 τὸ
662 1817 899 1898 περιεχόμενον
921 1814 1125 1900 ἐλευθερίας,

109 1919 164 1986 καῖ
195 1930 317 2007 μικροῦ
350 1921 423 1985 δεῖν
453 1920 537 2004 πρὸς
568 1920 716 1996 ἅπαντας
747 1920 950 2006 ἀνθρώπους
978 1924 1125 2006 πόλεμον

110 2026 358 2110 ἀναδείξαντες,
390 2032 438 2103 εἴς
467 2027 596 2091 ἅπαντα
624 2027 666 2091 τὰ
692 2028 939 2110 κινδυνεύματα
965 2025 1022 2091 καὶ
1049 2030 1125 2104 τοὺς

109 2130 193 2220 ὑπὲρ
229 2143 289 2218 τῆς
319 2132 510 2211 πλεονεξίας
539 2133 662 2215 ταύτης
693 2131 824 2216 ἀγῶνας
854 2143 925 2209 τοῖς
955 2132 1125 2220 ἡμετέροις

74 2238 220 2328 δῷεσθε
244 2224 315 2305 δεῖν
338 2245 567 2325 καταχρῆσθαι
591 2238 752 2322 σώμασιν.
793 2239 874 2315 ὅσας
896 2235 958 2322 μέν
982 2235 1046 2304 οὖν
1068 2243 1125 2304 πό-

70 2363 97 2402 20
111 2352 179 2423 λεις
209 2347 292 2411 κατὰ
324 2349 404 2430 μίαν
435 2340 492 2410 καὶ
522 2344 585 2409 δύο
613 2344 823 2428 πολεμούσας
848 2344 930 2428 ύμῖν
956 2341 1042 2431 ὑπὲρ
1070 2355 1125 2430 τῆς

110 2453 315 2538 ἐλευθερίας,
337 2453 396 2529 τὰς
418 2449 479 2535 μὲν
502 2450 539 2516 ἐκ
561 2449 772 2536 παρατάξεως
794 2451 1046 2536 χειρωσάμενοι,
1069 2453 1125 2529 τδις

111 2556 147 2624 δέ
169 2561 392 2644 τειχομαχίαις
414 2556 545 2633 ἑλόντες
567 2555 737 2640 ὑπηκόους
759 2555 977 2641 ἐποιήσαμεν,
1001 2557 1054 2624 ἐῶ.
1094 2560 1128 2623 τί

109 2668 173 2750 γὰρ
192 2666 247 2731 δεῖ
262 2667 345 2731 κατὰ
363 2665 482 2750 μικρὸν
500 2661 610 2746 λέγειν
628 2664 687 2740 τὰς
705 2662 838 2748 πράξεις
851 2664 1019 2747 τοσαύτην
1034 2667 1124 2749 έχον-

109 2795 167 2849 τας
190 2774 301 2853 λόγων
320 2771 507 2856 ἀφθονίανς
533 2770 616 2835 ἀλλὰ
633 2773 826 2856 Τυρρηνίαν
845 2771 977 2835 ἅπασαν
996 2773 1045 2849 εἴς
1063 2773 1124 2836 διό-

70 2892 96 2934 26
111 2878 190 2943 δεκα
217 2877 446 2963 νενεμημένην
472 2879 650 2961 ἡγεμονίας
676 2874 732 2941 καὶ
759 2881 864 2962 πολλή
892 2873 954 2961 μὲν
980 2886 1021 2962 τή
1044 2879 1124 2944 κατὰ

108 2995 189 3070 μήν,
218 2989 324 3070 πολλή
353 2982 390 3050 δὲ
417 2993 457 3069 τῇ
485 2985 568 3049 κατὰ
594 2983 765 3049 θάλατταν
788 2984 969 3071 δυναστείᾳ
991 3005 1125 3070 περιου-

180 3149 196 3198 b
216 3141 265 3197 διὰ
285 3142 349 3197 add.
368 3140 507 3195 Bflcholor
522 3142 527 3210 Ι
542 3139 694 3212 πρόθυμον
717 3137 938 3210 ἀναδειξύμενοι
960 3156 983 3196 ο.
1004 3139 1124 3210 Sylburg

109 3211 236 3269 ’ἴόιπ’Β
310 3219 342 3268 11
362 3207 586 3267 ἐναντιώσεσθαι
603 3211 650 3264 Ba
687 3206 898 3266 ἐναντιώσασθε
917 3210 964 3264 Bb
1029 3219 1061 3267 13
1081 3209 1125 3285 βέ-

108 3287 192 3408 {mov
215 3282 290 3340 εἴναι
314 3281 453 3350 ἐδοξενΒ
545 3288 577 3337 15
597 3280 718 3351 δεήσεως
735 3283 761 3336 A
797 3281 847 3336 καί
872 3282 908 3344 ὡς
925 3281 973 3337 Ba
1010 3281 1042 3337 δέ
1062 3285 1125 3345 ἴσως

136 3356 155 3410 b
192 3352 232 3410 δι’
249 3358 310 3425 ἴσης
328 3372 351 3409 c.
370 3351 474 3408 Reiske
549 3360 580 3406 17
602 3351 642 3416 είς
659 3352 792 3408 ταύταΑ
829 3354 869 3415 είς
885 3351 1023 3408 ποίνταΒ
1093 3360 1124 3408 19

106 3426 217 3483 ύεσθαι
236 3426 283 3481 Bb
319 3427 416 3481 οἴεσθε
434 3423 482 3479 Bb
498 3426 503 3494 Ι
520 3420 570 3479 οδν
589 3440 642 3478 om.
662 3424 715 3479 AB

70 3556 149 3608 ἱ
