2414 3840
526 180 686 229 -ς-

100 338 259 423 οὐδεμίαν
283 350 404 423 μοῖραν
428 340 475 415 είς
496 340 533 403 τὸ
558 340 721 422 δημόσιον
744 339 937 422 ἀνηυεγκεν,
963 337 1036 405 ἀλλ’
1063 333 1111 418 οἷς

99 445 199 521 αὐτὸς
222 445 377 529 ἐβούλετο
401 448 666 529 κατεχαρίσατο·-
688 444 743 511 καὶ
766 449 875 512 έπεισε
897 447 960 530 τὴν
984 448 1111 531 βουλὴν

98 552 142 635 μη
167 552 287 616 δοῦναι
310 560 355 638 τῷ
381 549 479 635 ἀνδρὶ
502 553 561 616 τὸν
584 554 763 638 θρίαμβον.
804 554 828 644 Ιὁ
853 549 889 618 δὲ
913 556 1112 636 Σερουίλιος

98 656 261 742 ὑβρίσθαι
285 659 394 722 δοκῶν
413 658 557 722 ἀπὸτοῦ
577 661 757 745 συνεδρίου
776 661 824 736 είς
842 660 1033 725 αὐθάδειαν
1052 659 1112 726 οὐκ

71 763 262 828 εείωθυίαυ
281 760 454 848 Ῥωμαίοις
477 763 646 848 ἐτράπετο·
679 762 820 841 καλέσας
842 767 906 850 γὰρ
930 766 980 841 είς
1000 765 1112 850 ἐκκλη-

98 872 175 933 σίαν
206 870 264 934 τὸν
298 871 405 955 δῆμον
437 870 474 937 έν
506 878 551 958 τῷ
584 871 648 954 πρὸ
680 879 739 954 τῆς
770 874 897 947 πόλεως
923 872 1030 958 πεδίῳ
1058 870 1112 937 καὶ

98 974 280 1053 διεξελθὼν
313 978 353 1042 τά
380 975 571 1061 πραχθέντα
598 977 681 1041 κατά
707 977 767 1041 τὸν
794 980 941 1060 πόλεμον
968 975 1025 1042 καὶ
1052 987 1112 1043 τοῦ

98 1083 326 1168 συνάρχοντος
351 1085 411 1149 τὸν
439 1087 575 1167 φθίνον
597 1081 653 1147 καὶ
676 1091 734 1166 της
756 1087 881 1168 βουλῆς
902 1083 962 1148 τὸν
985 1105 1112 1169 προπη-

97 1190 259 1273 λακισμὸν
279 1188 532 1271 διηγησάμενος,
552 1190 615 1272 ἔφη
635 1189 724 1273 παρά
742 1198 809 1253 τῶν
824 1186 945 1253 ἑαυτοῦ
959 1187 1116 1271 πράξεωνΙ

58 1310 84 1350 10
97 1291 152 1358 καὶ
174 1303 235 1358 τοῦ
259 1292 576 1377 συναγωνισαμένου
600 1295 842 1380 στρατεύματος
865 1296 953 1377 ἔχειν
971 1296 1034 1378 την
1053 1303 1112 1360 τού

97 1400 280 1483 πομπεύειν
299 1398 352 1465 ἐπὶ
370 1405 484 1476 καλοῖς
502 1423 536 1465 τε
554 1399 609 1466 καὶ
628 1399 803 1485 εὐτυχέσιν
822 1403 932 1484 ἔργοις
946 1399 1111 1479 ἐξουσίαν.

61 1501 190 1570 3ταῦτ’
226 1507 336 1571 είπδινΔ
360 1517 573 1590 στεφανῶσαι
605 1508 663 1583 τὰς
694 1507 840 1593 ῥάβδους
872 1505 1025 1573 έκέλευσε
1058 1505 1164 1573 καὶιιιι

97 1611 196 1688 αὐτὸς
224 1612 524 1698 στεφανωσάμενος
552 1616 637 1697 έχων
665 1613 727 1696 τὴν
754 1613 961 1697 θριαμβικὴν
986 1613 1111 1698 ἐσθῆτα

95 1728 242 1801 προῆγεν
272 1720 319 1795 είς
346 1719 408 1801 την
435 1721 533 1783 πόλιν
561 1718 626 1783 ὑπὸ
655 1726 716 1783 τοῦ
744 1720 853 1803 δύμον
880 1719 1005 1796 παντὸς
1031 1741 1111 1802 προ-

57 1841 83 1882 1⁵
97 1828 306 1909 πεμπόμενος
313 1873 322 1907 ,
356 1824 417 1902 ἕως
451 1827 498 1901 είς
528 1825 566 1890 τὸ
590 1825 802 1890 Καπιτώλιον
832 1823 934 1909 ἀνέβη
966 1824 1023 1890 καὶ
1056 1827 1112 1903 τάς

97 1930 195 2015 εύχάς
217 1930 366 1996 ἀπέδωκε
389 1929 444 1996 καί
467 1933 506 1995 τά
529 1936 635 1996 σκῦλα
659 1929 833 2015 ἀνέθηκεν.
871 1931 907 1997 έκ
931 1928 968 1996 δέ
989 1934 1111 2000 τούτου

96 2040 232 2122 φθόνον
255 2034 316 2121 μὲν
340 2039 387 2102 ἔτι
410 2040 543 2121 μείζονα
566 2039 655 2123 παρά
676 2048 744 2102 τῶν
766 2040 949 2122 πατρικίων
973 2038 1111 2105 έπεσπά-

96 2158 188 2227 σατο,
213 2144 337 2209 οίκεῖου
361 2141 392 2207 δ’
411 2141 516 2230 ἑαυτῷ
540 2143 809 2229 παρεσκευάσατο
827 2145 865 2208 τὸ
886 2145 1077 2229 δημοτικόν.

162 2267 282 2332 XXXI.
310 2262 367 2332 Ἐν
389 2269 557 2344 τοιαύταις
581 2262 614 2332 δ’
636 2267 890 2344 ἀκαταστασίαις
907 2277 966 2352 τῆς
984 2271 1112 2346 πόλεως

58 2391 85 2432 ιο
99 2373 202 2457 ούσης
224 2372 384 2459 ἐκεχειρία
407 2397 457 2451 τις
480 2374 516 2440 έν
533 2382 580 2462 τῷ
600 2375 656 2439 διά
675 2372 779 2457 μέσον
796 2371 958 2458 γενομένη
979 2381 1111 2442 θυσιῶν

96 2484 244 2565 πατρίων
277 2480 373 2545 ἕνεκα
404 2478 460 2545 καὶ
489 2481 692 2564 πανηγύρεις
719 2479 937 2562 ἐπιλαβοῦσαι
964 2469 1113 2568 λαμπραὶ

96 2597 168 2663 ταῖς
197 2588 360 2664 δαπάναις
388 2584 527 2671 ἐπέσχον
556 2588 618 2669 τὴν
647 2585 684 2651 έν
710 2594 756 2673 τῷ
784 2588 925 2672 παρόντι
946 2596 1010 2652 τοῦ
1032 2591 1112 2672 πλή-

96 2698 184 2768 θους
217 2694 440 2777 διχοστασίαν.
486 2690 677 2776 ἑορτάζουσι
706 2690 735 2756 δ’
766 2691 879 2768 αύτοίς
906 2691 1112 2760 ἐπιτίθενται

97 2801 202 2882 πολλῇ
227 2800 367 2884 δυνάμει
390 2802 535 2882 Σαβῖνοι
557 2807 679 2864 τούτου
703 2797 739 2864 ἐκ
760 2803 887 2864 πολλοῦ
906 2799 1113 2882 φυλάξαντες

58 2921 84 2964 ιε
97 2905 157 2969 τὸν
188 2906 328 2989 χρόνον,
361 2903 546 2990 ἀρχομένης
578 2908 625 2971 ἔτι
655 2906 775 2982 νυκτὸς
803 2906 1024 2990 ποιησάμενοι
1051 2909 1113 2993 την

170 3157 183 3204 1
204 3149 346 3219 ἀνήγαγεν
367 3149 389 3204 Ο
427 3149 583 3221 ἀνήνεγκεν
596 3150 691 3238 Tegge
706 3149 890 3217 Quaestiones
910 3151 945 3204 de
964 3168 1018 3205 usu
1032 3171 1113 3222 prae-

97 3239 158 3292 pos,
177 3241 205 3292 p.
220 3229 234 3275 7
314 3220 384 3276 7τά
402 3221 477 3311 αύτῷ
496 3219 705 3314 πραχθένταο
724 3221 829 3276 Reiske
912 3228 945 3276 11
966 3217 1113 3318 ἐξουσίαν]

99 3294 230 3363 εὐτυχίαν
249 3290 298 3346 Bc
377 3298 409 3348 12
428 3293 479 3356 τὰς
505 3289 631 3365 άβδους]
656 3295 722 3357 τούς
744 3292 893 3362 άνδραςΒ
929 3297 1115 3363 στεφανώσα-

98 3369 169 3419 σθαι
187 3366 251 3426 τοὺς
270 3363 418 3433 ἀνδραςο.
437 3362 505 3417 Reis
527 3380 542 3417 ο
616 3372 647 3418 17
669 3363 709 3420 έτι
728 3380 780 3420 om.
800 3363 823 3416 B
892 3370 926 3419 18
945 3362 977 3420 δέ
997 3367 1113 3441 αύτῷΟ

98 3431 127 3488 δ’
144 3437 219 3507 αύτῷ
237 3434 323 3507 vulgo
396 3443 431 3490 20
450 3428 607 3505 έκκεχειρία
625 3436 648 3489 Β
