2400 3848
433 178 598 228 ..Ε-

41 337 194 420 ηεύγοντες
217 335 270 402 ἐπὶ
293 339 333 402 τά
357 337 500 423 σφέτερα
524 335 683 415 ἐσώζοντο
706 333 750 400 δι’
769 335 941 421 ἐμπειρίαν
959 348 1026 402 τῶν

40 444 129 509 τόπων.

103 551 299 617 XXXXVII.
340 556 386 637 Τῇ
424 544 456 616 δ’
487 549 560 635 έξης
594 550 700 638 ἡμέρᾳ
734 553 917 629 καύσαντες
947 554 1027 630 τοὺς

39 651 137 724 ἑαυτῶν
163 661 306 744 νεκροὺς
329 661 365 724 οί
383 659 505 724 ύπατοι
527 657 582 724 καὶ
605 660 645 724 τά
669 664 773 724 σκῦλα
797 658 1025 737 συλλέξαντες·

39 758 100 830 ἑάλω
123 764 161 831 δέ
181 789 258 830 τινα
279 764 336 830 καὶ
360 765 423 831 ἀπὸ
447 776 515 831 τῶν
538 767 672 844 ζώντων
694 765 903 850 ῥιπτούντων
926 764 962 831 ἐν
985 773 1048 850 τηε

39 880 104 956 γυγη
127 875 167 938 τά
195 873 295 938 ὅπλα·
332 874 458 959 ἀνδρας
485 868 514 937 τ’
536 873 764 958 αἰχμαλώτους
787 874 939 956 ἀγοντες,
967 871 1027 949 οὓς

39 975 130 1061 ἔλαβον
158 981 220 1046 οὐκ
248 981 383 1064 ὀλίγους
405 978 460 1045 καί
482 983 648 1066 χρηματα,
677 977 778 1064 χωρὶς
801 974 849 1043 ὧν
873 979 908 1044 οί
929 996 1026 1065 στρα-

39 1093 123 1149 τιῶται
150 1087 352 1172 διήρπασαν·
384 1088 514 1153 τούτων
538 1082 575 1151 δὲ
600 1084 857 1172 διαπραθέντων
881 1087 1026 1171 δημοσίᾳ

39 1188 76 1266 ιάς
92 1186 159 1257 κατ’
181 1194 289 1282 ἀνδρα
312 1193 495 1277 γενομένας
514 1193 683 1277 εἰσφοράς,
707 1184 760 1270 αἷς
778 1194 928 1257 ἔστειλαν
945 1194 1026 1269 τοὺς

39 1300 225 1382 στρατιώτας,
259 1300 400 1376 ἀπαντες
432 1299 642 1384 ἐκομίσαντο·
680 1297 762 1383 [καὶ]
796 1295 943 1385 ἀπῄεσαν
972 1293 1022 1364 ἐπ’
1035 1319 1061 1359 10

39 1406 107 1470 ιῐιιον
129 1406 363 1492 λαμπροτάτην
387 1405 592 1492 ἀνῃρημένοι
614 1409 722 1490 νίκην.
767 1405 823 1471 καὶ
845 1406 1060 1493 θριάμβοις2

39 1507 80 1574 ἀπὸ
99 1522 154 1596 τῆς
177 1515 302 1596 βουλης
325 1512 529 1597 ἐκοσμοῦντο
553 1513 746 1598 ἀμφότεροι,
772 1517 942 1596 Μενήνιος
965 1509 1026 1597 μέν

39 1623 64 1703 ιβ
82 1623 204 1703 μείζονι
221 1618 277 1685 καὶ
295 1619 489 1707 τιμιωτέρῳ,
512 1621 770 1705 παρεμβεβηκὼς
788 1618 842 1703 ἐφ’
864 1619 1026 1704 ἁρματίου

39 1721 135 1811 δίφρου
158 1729 343 1810 βασιλικοῦ,
367 1730 557 1812 Ποστόμιος
577 1724 614 1792 δὲ
631 1735 677 1814 τῷ
698 1726 853 1791 ἐλάσσονι
871 1724 927 1790 καλ
945 1725 1026 1790 ὑπο-

39 1828 185 1921 δεεστέρῳ,
214 1832 255 1898 ὃν
277 1838 439 1898 καλοῦσιν
463 1835 624 1918 οὐαστήν,
650 1836 928 1918 παρεγκλίναντες
950 1831 1025 1896 τού·
1036 1857 1062 1898 15

39 1959 97 2021 ὀμα
113 1935 309 2024 Ἑλληνικὸν
331 1941 483 2026 ὑπάρχον
502 1939 720 2025 είςτάσαφές.
752 1941 790 2005 τὸ
809 1941 1025 2025 γάρπρῶτον

39 2042 149 2130 ύυστης
183 2048 316 2128 [οὕτως]
348 2047 412 2113 ἀπὸ
439 2056 501 2113 τοῦ
529 2050 776 2132 συμβεβηκότος
803 2044 948 2129 ἐλέγετο,
981 2044 1026 2120 ώς

39 2148 109 2229 ιύτός
130 2151 161 2217 τ’
190 2154 305 2231 εἰκάζω
329 2151 384 2218 καὶ
407 2152 444 2217 ἐν
467 2157 606 2229 πολλαῖς
628 2153 771 2238 εὑρίσκω
795 2160 940 2237 γραφαῖς
958 2149 1026 2215 ἐπι-

39 2263 144 2343 ςωρίοις
177 2262 375 2345 φερόμενον.
420 2262 495 2325 τότε
528 2256 565 2325 δὲ
597 2269 746 2345 πρῶτον,
779 2258 824 2336 ὡς
853 2260 1062 2332 Λικίννιος3

39 2361 148 2453 στορεί,
172 2375 294 2432 τοῦτον
318 2365 517 2451 ἐξευρούσης
538 2367 598 2431 τὸν
621 2369 791 2450 θρίαμβον
814 2373 872 2448 της
894 2367 1062 2448 βουλῆςιο

39 2465 163 2560 διαφέρει
188 2469 225 2538 δὲ
248 2471 397 2559 θατέρου
415 2483 549 2559 πρῶτον
568 2470 640 2556 μέν,
664 2473 715 2538 ότι
734 2473 828 2551 πεζὸς
847 2470 1027 2556 εἰσέρχεται

39 2582 92 2645 ιετά
113 2592 171 2667 τῆς
194 2589 349 2666 στρατιᾶς
371 2581 625 2666 προηγούμενος
648 2578 667 2644 δ
685 2581 745 2644 τὸν
765 2578 912 2662 οὐαστὴν
930 2578 1027 2643 κατά-

83 2744 98 2792 2
120 2736 137 2807 ἢ
159 2736 189 2793 οδ
205 2737 355 2800 διώκοντες
374 2735 587 2809 κατελάμβανον
607 2733 646 2790 δι’
664 2736 797 2805 ἀπειρίαν
816 2744 872 2790 τῶν
891 2734 1027 2802 διεξόδων

39 2808 78 2860 *ost
94 2809 187 2865 τόπων
206 2809 292 2878 vulgo
312 2811 426 2863 exstant
479 2807 564 2863 4καδ
583 2806 678 2861 om.A
709 2806 744 2861 τδι
764 2806 855 2861 om.B
911 2808 1027 2878 θάγον-

39 2887 60 2934 ⁵9
80 2879 178 2954 ἔλαβον
204 2883 256 2935 οὐκ
280 2881 389 2950 ὀλίγους
412 2879 461 2935 καὶ
484 2879 612 2951 χρήματα
631 2878 656 2930 Α
693 2878 809 2949 ἀγοντες
831 2880 880 2932 καὶ
899 2879 1027 2950 χρήματα

39 2947 110 3006 tediis
132 2952 227 3007 verbis
253 2951 363 3007 omissis
383 2951 405 3004 B
443 2952 461 3006 ἀ
481 2970 559 3013 οντες
582 2949 631 3014 οδς
655 2948 756 3022 ἔλαβον
780 2951 832 3004 ούκ
851 2949 960 3020 ὀλίγους
979 2951 1028 3005 καὶ

39 3016 136 3088 θύματα
160 3023 304 3092 Kiessling
328 3026 443 3077 auctore
493 3021 584 3076 eiskio
675 3020 952 3091 8διοιπραχθέντων
973 3020 1026 3073 ΑΒ

39 3093 179 3152 [λυθέντων
193 3095 219 3147 R
247 3092 467 3164 διαπραθέντων
481 3093 625 3163 Kiessling
681 3101 714 3148 10
729 3092 778 3147 καὶ
793 3092 911 3146 seclusit
923 3093 1026 3146 Reiske

39 3156 322 3240 ῗέκοσμοῦντ<ο>Β
407 3172 441 3219 14
460 3163 491 3220 δὲ
511 3161 542 3220 ἐν
561 3165 586 3217 Α
622 3162 650 3218 δ’
670 3160 743 3219 ἐνΒ
781 3159 811 3219 έν
831 3164 884 3218 del.
905 3163 1027 3230 Sylburg

39 3237 184 3311 ζεόάατην
207 3237 260 3290 ΑΒ
305 3237 427 3306 οὐαστὴν
452 3236 634 3291 casaubonus
718 3243 750 3291 16
774 3244 885 3305 πρῶτον
909 3231 1027 3299 εὐαστὴς

39 3315 98 3371 πως
114 3308 262 3379 ACng‚
291 3317 401 3376 πρῶτον
426 3304 505 3371 οὗτος
529 3308 574 3363 Ba
609 3316 721 3377 πρῶτον
746 3305 833 3368 οὕτως
855 3305 902 3358 Bb
939 3301 1027 3363 οὕτως

39 3375 92 3432 leis
110 3381 226 3435 seclusit
245 3379 368 3434 Sintenis
387 3379 448 3433 Em.
468 3379 550 3437 Dion.
570 3379 596 3432 II
614 3383 646 3434 15
669 3383 674 3447 Ι
697 3379 748 3432 *τὸ
767 3374 877 3446 ἀσαφές
896 3374 918 3427 O
993 3378 1025 3425 19

39 3459 41 3479 ’
62 3448 94 3504 δὲ
112 3452 163 3505 ΑΒ
200 3450 262 3506 τότε
282 3450 313 3506 δὲ
329 3451 379 3506 OD
452 3458 485 3506 22
506 3450 626 3520 εόάστην
645 3450 697 3503 AB
715 3455 719 3519 Ι
735 3447 865 3517 κατάγων
885 3462 937 3499 om.
957 3443 980 3496 Β
