2414 3840
486 198 649 247 -Λ’-
1040 192 1080 254 71

57 362 127 425 νὸν
155 356 272 440 έπέστη
301 355 357 422 καὶ
384 357 469 442 πρὸς
491 357 553 439 τὴν
576 353 757 420 δέσποιναν
781 352 954 437 ἀπέβλεψε.
1000 374 1082 419 πυν-

59 462 257 549 θανομένης
285 458 317 529 δ’
339 462 482 546 ἐκείνης,
510 464 546 527 τί
568 462 689 526 παθὼν
713 460 775 525 οὐκ
798 462 871 543 άνει
893 461 930 524 τὸ
956 463 1082 543 ζεῦγος·

60 571 137 656 Οὐχ
161 569 257 658 δρᾷς,
286 565 393 653 εἶπεν,
420 564 446 634 ὦ
474 570 614 649 Τυλλία,
643 569 703 632 τὸν
725 565 851 652 πατέρα
874 584 938 634 σου
961 567 1083 651 νεκρὸν

60 681 221 762 κείμενον
253 674 308 741 καὶ
340 675 491 760 πάροδον
520 674 582 740 οὐκ
610 668 716 739 οὖσαν
743 675 863 758 άλλην,
897 675 929 739 εί
954 674 998 757 μη
1027 674 1083 738 διά

61 793 127 850 τοῦ
153 783 343 868 πτώματος;
377 781 397 865 ἡ
426 775 458 845 δ’
483 780 743 865 ἐκπικρανθεῖσα
768 777 823 844 καὶ
847 779 909 845 άπὸ
934 790 1001 844 τῶν
1023 759 1119 874 sco-55

62 892 136 955 δῶν
163 892 201 955 τὸ
229 889 363 975 βάθρον
390 886 566 972 ἁρπάσασα
593 886 707 970 βάλλει
733 888 793 953 τὸν
822 885 1006 971 ὀρεοκόμον
1028 889 1086 951 καί

60 1012 186 1080 φησιν·
234 995 305 1060 Οὐκ
337 992 439 1076 άξεις,
478 992 640 1079 άλιτηριε,
677 990 733 1057 καὶ
765 992 821 1057 διὰ
852 1000 913 1056 τοῦ
944 1001 1081 1077 νεκροῦ;

61 1101 218 1178 κάκεῖνος
246 1099 300 1167 ἐπὶ
326 1108 372 1188 τῷ
400 1098 503 1164 πάθει
531 1103 658 1183 μᾶλλον
686 1097 707 1182 ἣ
732 1106 771 1182 τῇ
795 1103 903 1183 πληγῇ
928 1097 1084 1176 στενάξας

60 1209 140 1291 άγει
165 1209 223 1293 βία
250 1208 308 1284 τὰς
335 1206 497 1290 ἡμιόνους
523 1205 606 1269 κατὰ
632 1213 693 1269 τοῦ
715 1205 896 1289 πτώματος.
943 1200 1082 1284 οὗτοςὸ

61 1314 237 1389 στενωπὸς
261 1315 376 1400 ὄρβιος
397 1312 603 1396 καλούμενος
625 1312 789 1397 πρότερον
812 1311 844 1390 ἐξ
868 1311 999 1378 ἐκείνου
1021 1322 1083 1378 τοῦ
1099 1349 1124 1388 10

63 1422 185 1485 δεινοῦ
203 1416 259 1484 καὶ
277 1427 431 1503 μυσαροῦ
448 1417 581 1494 πάθους
595 1416 716 1500 ἀσεβὴς
733 1416 798 1482 ὑπὸ
812 1413 984 1502 Ῥωμαίων
1002 1421 1084 1485 κατά

62 1528 129 1609 τὴν
151 1525 293 1612 πάτριον
315 1529 466 1608 γλῶτταν
488 1528 643 1589 καλεῖται.
1051 1539 1055 1549 ·

12 1648 62 1696 ι41
135 1631 268 1697 XXXX.
294 1631 458 1713 Τοιαύτης
480 1635 633 1713 τελευτῆς
656 1632 749 1713 ἔτυχε
772 1630 913 1707 Τύλλιος
936 1634 992 1714 ἐτη
1015 1654 1085 1697 τετ-

63 1738 254 1824 ταράκοντα
268 1736 344 1820 <καὶ
357 1735 518 1823 τέτταρα>
532 1737 594 1819 τὴν
609 1738 783 1819 βασιλείαν
801 1737 985 1820 κατασχών.
1009 1746 1085 1802 τοῖι-

64 1869 129 1911 τον
160 1845 220 1909 τὸν
252 1844 361 1928 ἄνδρα
393 1842 529 1926 λέγουσι
550 1838 705 1926 Ῥωμαῖοι
737 1852 870 1929 πρῶτον
897 1844 938 1908 τὰ
964 1843 1085 1929 πάτρια
1100 1880 1126 1920 15

64 1955 132 2035 ἔθη
155 1949 211 2016 καὶ
233 1952 357 2034 νόμιμα
379 1958 524 2032 κινῆσαι,
548 1949 610 2033 τὴν
633 1948 739 2033 ἀρχὴν
761 1952 907 2033 λαβόντα
931 1950 973 2016 οὐ
996 1952 1085 2036 παρά

64 2069 127 2143 τῆς
158 2061 282 2141 βουλῆς
313 2055 368 2122 καὶ
399 2065 460 2122 τοῦ
493 2056 616 2139 δήμου,
648 2056 800 2142 καθάπερ
829 2057 864 2122 oc
888 2059 952 2143 πρὸ
982 2057 1086 2122 αὐτοῦ

63 2167 206 2247 πάντες,
239 2164 322 2229 ἀλλὰ
348 2164 437 2248 παρά
465 2164 572 2246 μόνον
599 2170 660 2227 τοῦ
688 2163 812 2247 δήμου,
842 2164 1020 2247 δεκασμοῖς
1049 2160 1085 2226 δὲ

66 2270 137 2354 [καὶ
171 2269 402 2355 δωροδοκίαις]
431 2265 486 2333 καὶ
513 2267 628 2345 άλλαις
655 2272 794 2345 πολλαῖς
821 2272 1008 2344 κολακείαις
1036 2267 1086 2333 ἐ-

64 2378 325 2465 θεραπεόσαντα
346 2376 425 2451 τοὺς
449 2373 609 2458 άπόρονς·
641 2372 697 2439 καὶ
720 2376 787 2458 ἔχει
808 2370 953 2457 τάληθὲς
971 2374 1086 2451 οὕτως.
1100 2412 1127 2451 20

66 2486 106 2551 ἐν
137 2485 203 2568 γάρ
230 2491 301 2558 τοῖς
327 2482 491 2565 πρότερον
519 2482 669 2566 χρόνοις,
702 2479 799 2545 ὁπότε
827 2482 984 2563 βασιλεὺς
1007 2480 1122 2567 ἀπο-2

65 2591 182 2674 θάνοι,
206 2589 269 2672 την
291 2584 353 2672 μέν
376 2585 532 2665 ἐξουσίαν
555 2586 572 2652 ὁ
597 2588 701 2671 δῆμος
720 2586 836 2652 ἐδίδου
854 2594 899 2675 τῷ
919 2590 1085 2677 συνεδρίῳ

66 2707 126 2782 τῆς
149 2700 285 2780 βουλῆς,
310 2694 386 2759 οἵαν
408 2690 583 2779 προέλοιτο
606 2694 878 2776 καταστήσασθαι
900 2697 1086 2760 πολιτείαν·

66 2803 89 2887 η
112 2799 152 2868 δὲ
175 2800 283 2885 βουλὴ
307 2802 538 2883 μεσοβασιλεῖς
561 2799 791 2865 ἀπεδείκνυεν·
822 2799 945 2866 ἐκεῖνοι
968 2797 1005 2866 δέ
1028 2803 1087 2867 τὸν

66 2911 210 2995 άριστον
240 2907 362 2992 ἄνδρα,
394 2900 454 2972 εἴτ’
476 2905 511 2971 ἐκ
539 2916 607 2972 τῶν
635 2905 838 2991 ἐπιχωρίων,
868 2904 939 2987 [εῖί
961 2908 997 2973 ἐκ
1019 2918 1087 2975 τῶν
1101 2927 1127 2969 ιε

66 3017 244 3098 πολιτῶν,]
270 3007 328 3078 εῖτ’
350 3011 386 3078 ἐκ
408 3023 476 3078 τῶν
499 3011 615 3096 ξένων,
639 3011 776 3096 βασιλέα
799 3015 1015 3079 καθίστασαν.
1058 3017 1090 3081 εί

142 3241 267 3310 λάλλην
285 3240 380 3310 ταῖςη
403 3238 530 3304 ιόνοιςΒ
595 3240 702 3311 baina]
721 3240 775 3295 ὑπὸ
794 3239 889 3309 Tegge
907 3257 934 3309 p.
955 3246 988 3294 35
1054 3246 1088 3294 14

67 3315 119 3371 κοιλ
138 3312 260 3382 τέτταρα
279 3311 343 3366 add.
389 3312 480 3367 udson
544 3318 577 3366 18
597 3309 628 3366 δὲ
648 3311 671 3364 Β
691 3328 744 3366 om.
763 3312 789 3364 A
806 3330 835 3365 τε
854 3309 998 3376 Kiessling
1054 3315 1086 3364 19

68 3386 119 3442 καλ
139 3383 327 3454 δωροδοκίαις
345 3381 399 3439 δελ.
421 3383 510 3438 θολοελ
530 3382 595 3438 obs.
614 3400 642 3452 p.
662 3388 696 3437 86
747 3389 782 3437 26
801 3380 942 3452 πολιτ<ῶν
961 3377 1037 3450 εἴτε)
1056 3377 1087 3431 in

68 3474 125 3513 ras.
136 3455 186 3509 Ba
223 3451 274 3508 εἴτ’
287 3448 318 3508 ἐκ
332 3461 388 3508 τῶν
401 3458 521 3508 πολιτῶν
532 3453 586 3507 del.
597 3452 744 3507 Reiskium
754 3454 864 3506 secutus
876 3446 1040 3517 Schnellep.
1051 3454 1086 3504 21
