2414 3840
524 183 687 231 -Λ-
1050 181 1111 245 107

94 343 304 418 δυναστείας.
342 340 465 418 οίτινες
488 336 519 406 δ’
539 337 626 426 ήσαν
649 343 684 408 οί
703 353 761 429 τῆς
784 342 1033 420 ἐπαναστάσεως
1056 345 1113 426 ἀρ-

94 450 209 529 ξαυτες
236 446 294 515 καὶ
322 445 367 513 δι’
390 447 473 514 οἵων
499 452 632 535 τρόπων
656 445 766 533 ήλθον
790 447 842 517 ἐπὶ
864 452 905 516 τά
927 450 1112 537 πράγματα,

95 552 139 622 δι’
161 555 290 640 ὀλίγων
313 555 512 639 πειράσομαι
536 556 694 622 διελθεῖν.

160 661 304 728 LXIIII.
340 662 409 745 Τήν
437 654 621 747 Ἀρδεατῶν
647 665 746 728 πόλιν
774 662 792 729 ὁ
825 664 1010 749 Ταρκύνιος
1038 663 1113 728 ἐπο-

46 773 222 856 ηςςλιόρκει
246 770 418 853 πρόφασιν
441 764 502 853 μὲν
524 769 734 853 ποιούμενος,
758 769 808 834 ὅτι
831 771 910 847 τοὺς
933 770 969 836 ἐκ
987 765 1138 854 Ῥώμηςῠ

93 877 251 963 φυγάδας
272 874 449 960 ὑπεδέχετο
471 872 526 940 καὶ
545 872 768 960 συνέπραττεν
787 875 900 952 αὐτοῖς
917 874 992 961 περὶ
1010 880 1113 943 καθό-

96 986 172 1051 δου·
211 984 258 1060 ὡς
281 978 319 1047 δέ
340 978 484 1065 τάληθὲς
506 976 594 1066 εἶχεν
618 981 843 1066 ἐπιβουλεύων
868 984 950 1068 αὐτῇ
975 985 1030 1048 διά
1053 985 1112 1048 τὸν

93 1096 244 1157 πλοῦτον
268 1088 515 1177 εὐδαιμονούσῃ
536 1089 677 1173 μάλιστα
695 1099 763 1154 τῶν
782 1089 819 1155 ἐν
834 1084 954 1177 Ἰταλία
973 1093 1111 1156 πόλεων.

93 1199 259 1282 γενναίως
288 1191 326 1260 δέ
352 1204 420 1259 τῶν
440 1193 624 1282 Ἀρδεατῶν
648 1194 910 1280 ἀπομαχομένων
933 1195 988 1263 καὶ
1010 1201 1113 1262 πολυ-

95 1306 239 1390 χρονίου
261 1310 320 1386 τής
341 1305 535 1388 πολιορκίας
557 1301 735 1386 γινομένης
758 1303 794 1368 οί
814 1300 842 1367 τ’
865 1301 917 1368 ἐπὶ
935 1312 996 1370 τοῦ
1015 1318 1110 1388 στρα-
1126 1320 1152 1360 1⁰

92 1408 241 1475 τοπέδον
268 1409 449 1493 κάμνοντες
476 1405 529 1474 ἐπὶ
557 1417 596 1494 τή
624 1412 720 1496 τριβή
748 1419 808 1475 τοῦ
830 1410 977 1495 πολέμου
1000 1408 1055 1475 καὶ
1079 1411 1114 1474 οί

92 1517 176 1582 κατά
208 1517 309 1580 πόλιν
339 1513 550 1599 ἀπειρηκότες
576 1526 648 1592 ταῖς
675 1517 847 1600 εἰσφοραῖς
875 1516 1001 1601 ἕτοιμοι
1027 1518 1111 1602 πρὸς

94 1623 280 1689 ἀπόστασιν
302 1616 400 1704 ήσαν,
423 1626 457 1687 εί
475 1643 525 1698 τις
548 1620 631 1708 ἀρχή
650 1621 790 1705 γένοιτο.
823 1622 859 1687 ἐν
877 1624 984 1709 τούτῳ
1005 1624 1045 1706 δή
1065 1623 1146 1710 τῳ2

94 1736 199 1816 καιρῷ
225 1725 349 1807 Σέξτος
375 1726 394 1793 ὁ
422 1727 646 1813 πρεσβύτατος
673 1739 740 1793 τῶν
767 1731 956 1812 Ταρκυνίου
979 1730 1110 1793 παίδων

95 1831 304 1910 ἀποσταλεὶς
316 1833 381 1899 ὑπὸ
404 1841 465 1898 τοῦ
482 1834 606 1920 πατρὸς
625 1836 672 1911 είς
689 1837 798 1918 πόλιν,
822 1834 842 1917 ἢ
862 1834 1007 1900 ἐκαλεῖτο
1022 1839 1109 1900 Κολ-
1125 1851 1149 1892 1⁶

95 1942 222 2025 λάτεια,
256 1942 368 2026 χρείας
398 1940 492 2017 τινάς
520 1939 738 2026 ὑπηρετήσων
768 1943 1002 2026 στρατιωτικάς
1028 1938 1106 2026 παρ’

94 2046 196 2133 ἀνδρὶ
224 2049 374 2130 κατήχθη
405 2056 562 2130 συγγενεῖ
586 2049 718 2135 Λευκίῳ
750 2051 924 2136 Ταρκυνίῳ
951 2057 997 2136 τῳ
1022 2053 1110 2114 Κολ-

95 2157 220 2241 λατίνῳ
247 2150 578 2240 προσαγορευομένῳ.
625 2162 745 2218 τοῦτον
767 2155 827 2218 τὸν
850 2156 958 2244 ἀνδρα
984 2155 1145 2238 Φάβιος3

94 2257 156 2344 μὲν
188 2259 267 2324 υίὸν
300 2252 390 2323 εἷναί
418 2274 523 2343 φησιν
552 2254 723 2343 Ἠγερίου,
756 2257 832 2343 περὶ
864 2256 905 2326 οὗ
938 2262 1109 2344 δεδήλωκα

94 2369 275 2451 πρότερον,
312 2364 363 2429 ότι
399 2368 573 2452 Ταρκυνίῳ
610 2365 655 2452 τῳ
691 2364 842 2453 προτέρῳ
875 2367 1109 2450 βασιλεύσαντι
1123 2383 1150 2424 2⁰

49 2469 262 2558 τοιῬωμαίων
286 2470 490 2554 ἀδελφόπαις
512 2467 555 2555 ήν
578 2470 633 2536 καὶ
649 2476 853 2550 Κολλατείας
874 2473 1007 2558 ήγεμὼν
1031 2472 1110 2539 ἀπο-

94 2575 243 2664 δειχθεὶς
270 2576 333 2642 ἀπὸ
361 2587 418 2662 τής
444 2576 481 2642 ἐν
505 2577 613 2664 ἐκείνη
637 2587 676 2663 τή
699 2581 793 2644 πόλει
817 2581 988 2665 διατριβῆς
1011 2580 1110 2658 αὐτός

92 2708 127 2751 τε
155 2688 364 2760 Κολλατῖνος
392 2682 517 2767 ἐκλήθη
545 2681 600 2748 καὶ
627 2694 697 2762 τοῖς
725 2684 875 2769 ἐγγόνοις
903 2683 961 2769 ἀφ’
989 2684 1109 2753 ἑαυτοῦ

92 2793 155 2876 τήν
188 2788 295 2873 αὐτήν
324 2787 498 2854 κατέλιπεν
526 2788 710 2872 ἐπίκλησιν·
748 2790 812 2874 ἐγὼ
841 2789 878 2858 δὲ
905 2790 961 2858 καὶ
988 2803 1109 2860 τοῦτον

169 3024 187 3072 4
208 3013 337 3087 ἐπολέμει
355 3015 378 3071 O
398 3017 473 3084 quod
491 3017 546 3071 def.
565 3017 675 3087 Kriiger
694 3018 731 3072 ad
744 3018 824 3073 Dion.
839 3019 911 3073 Hist.
930 3038 958 3090 p.
973 3027 1007 3076 49
1045 3017 1110 3077 ἐπο-

91 3089 201 3161 λιόρκει
219 3105 243 3143 ο.
262 3087 362 3142 Portus
382 3087 416 3141 cf.
436 3087 480 3141 Fr.
494 3088 585 3142 Krebs
599 3089 716 3145 Recens.
735 3089 822 3146 litter.
841 3090 940 3160 philol.
960 3109 1021 3147 nov.
1039 3098 1109 3147 1886

90 3182 117 3233 p.
138 3167 192 3217 327
258 3164 290 3212 10
314 3159 347 3214 οί
358 3177 388 3213 τε
408 3153 455 3213 ἐπὶ
472 3159 495 3212 Β
533 3160 566 3214 οἵ
582 3179 612 3214 τε
631 3156 678 3215 ἐπὶ
696 3168 729 3231 τῇ
748 3162 828 3233 τριβῇ
848 3170 897 3216 τοῦ
920 3161 1043 3233 πολέμου
1063 3159 1108 3216 ἐπὶ

91 3241 141 3289 τοῦ
161 3229 353 3355 στραηοπέδχυ
372 3227 526 3299 κάμνοντες
543 3231 569 3283 A
640 3237 675 3354 χλ
695 3231 768 3286 κατά
786 3232 837 3302 τὴν
855 3230 938 3322 πόλιν
953 3231 1109 3353 Αωξτοεοῖκ

88 3299 249 3430 λεια
267 3300 303 3427 λ
322 3302 954 3461 ...κοινωνεῖκήαιεν
974 3304 1008 3424 ξ.
1028 3316 1109 3422 αι·

90 3444 219 3516 φό.παις
237 3441 284 3496 Bb
321 3444 447 3512 ἀδελφοῦ
465 3449 533 3507 παῖς
551 3443 627 3498 ΑΒο
643 3449 647 3512 1
664 3447 796 3498 κολλατια
814 3444 837 3497 Β
