2414 3840
92 149 158 217 222
523 175 688 225 ..Ε-

92 319 220 401 τρόπον
240 325 366 413 ἀπάτης
385 330 495 415 ἐξεῦρε
514 343 582 398 τών
600 336 876 419 νεωτεριζόντων,
901 329 947 400 δι’
965 329 1009 400 οὗ
1027 346 1113 421 πρώ

93 446 153 489 τον
185 425 248 515 μὲν
281 434 392 503 αὐτοδ
408 441 551 523 μηδενὸς
580 439 819 522 ἀναγκάζοντες
847 441 895 518 είς
921 441 961 506 ἓν
989 444 1113 528 χωρίον

92 529 234 615 ήξουσιν
270 544 306 608 οί
340 555 408 611 τών
440 545 638 632 ἀπορρήτων
669 546 908 631 βουλευμάτων
939 545 1113 632 ἡγεμόνες,

96 638 195 708 ἔπειτ’
218 646 475 736 ἀναμφιλέκτοις
497 652 684 719 ἁλώσονται
706 655 907 739 τεκμηρίοις,
931 654 1019 719 ὥστε
1034 652 1113 740 μηδ’

73 745 279 836 ιάπολογίαν
311 758 424 837 αὐτοῖς
454 762 713 825 καταλείπεσθαι
744 760 926 845 μηδεμίαν,
959 761 1046 843 πρὸς
1076 757 1113 826 δέ

93 857 225 940 τούτοις
254 865 316 931 οὐκ
348 869 395 944 είς
426 870 551 954 ἔρημον
583 863 810 951 συναχθέντες
838 869 944 932 τόπον
971 863 1050 933 οὐδ’
1077 865 1113 933 ἔτι

94 964 220 1050 ὀλίγοις
238 972 402 1058 μάρτυσιν
421 969 678 1056 ἐξελεγχθέντες,
702 968 776 1037 ἀλλ’
796 969 833 1037 ἐν
851 971 959 1060 ἀγορᾷ
976 973 1113 1039 πάντωι

94 1071 253 1158 ὁρώντων
279 1084 455 1165 γενόμενοι
477 1089 678 1164 καταφανεῖς
701 1077 722 1142 ἀ
744 1081 906 1164 προσήκει
927 1080 1113 1144 πείσονται

84 1188 218 1269 Ιταραχή
250 1183 281 1251 τ’
314 1186 453 1271 οὐδεμία
483 1189 658 1270 γενήσεται
689 1187 772 1250 κατά
802 1185 865 1269 τήν
898 1187 1000 1251 πόλιν
1036 1185 1113 1250 οὐδ’

61 1308 87 1348 ιο
97 1287 332 1369 ἐπαναστάσεις
360 1290 498 1378 ἑτέρων,
528 1284 583 1358 οἷα
610 1293 809 1377 συμβαίνειν
836 1296 931 1376 φιλεῖ
955 1289 1035 1376 περὶ
1056 1293 1104 1365 τδ,

94 1395 247 1476 κολάσεις
267 1410 335 1464 τών
358 1402 633 1485 νεωτεριζόντων,
656 1395 712 1464 καὶ
734 1395 827 1463 ταῦτ’
850 1396 887 1464 ἐν
912 1396 1113 1483 ἐπισφαλάσ·

94 1514 230 1589 καιροῖς.

162 1610 245 1676 LVI.
277 1610 398 1690 ’Ἀλλος
429 1609 491 1696 μὲν
523 1606 586 1676 οὖν
618 1611 661 1676 ἀν
689 1634 740 1689 τις
766 1611 916 1696 ἀποχρῆν
944 1610 1113 1695 ὑπίλαβει

95 1717 175 1783 αὐτὸ
203 1719 240 1784 τὸ
267 1719 451 1804 κεφάλαιον
479 1719 599 1800 εἰπεῖν,
628 1717 679 1782 ότι
705 1718 883 1801 συλλαβών
911 1719 993 1794 τοὺς
1016 1740 1113 1802 μετα-

59 1841 85 1883 15
95 1828 235 1911 σχόντας
256 1836 325 1891 τών
347 1825 545 1910 ἀπορρήτων
569 1824 805 1908 βουλευμάτων
827 1821 1040 1908 ἀπέκτεινεν,
1067 1823 1113 1902 ώε

95 1932 209 2016 ὀλίγης
231 1943 301 2010 τοϊς
323 1933 491 2019 πράγμασι
515 1931 690 2015 δηλώσεως
708 1928 803 1996 δόον·
836 1930 900 2013 ἐγώ
919 1927 959 1996 δὲ
977 1929 1036 1996 καὶ
1054 1931 1113 1997 τὸι

94 2042 219 2126 τρόπον
252 2049 310 2124 τῆς
341 2042 535 2123 συλλήψεως
566 2047 634 2102 τῶν
666 2035 802 2124 ἀνδρῶν
834 2038 984 2122 ίστορίας
1017 2038 1113 2119 ἀξιοιι

94 2141 181 2212 εἶναι
203 2148 343 2231 νομίσας
366 2147 479 2228 ἔκρινα
502 2145 546 2228 μή
568 2147 762 2230 παρελθεῖν,
785 2141 1045 2227 ἐνθυμούμενος
1062 2145 1113 2211 ότ.

93 2264 163 2332 τοῖς
185 2252 454 2337 ἀναγινώσκουσι
475 2252 534 2328 τάς
557 2251 704 2333 ίστορίας
727 2249 788 2334 οὐχ
812 2249 929 2314 ἱκανόν
954 2249 1050 2316 ἐστιν
1068 2253 1113 2328 είς

58 2358 260 2445 εοώφέλειαν
295 2360 333 2424 τὸ
364 2356 459 2435 τέλος
491 2357 571 2422 αὐτὸ
605 2366 673 2421 τῶν
704 2352 923 2441 πραχθέντων
956 2355 1108 2440 ἀκοῦσαι

94 2467 226 2533 ἀπαιτεῖ
246 2462 278 2530 δ’
301 2464 437 2542 ἕκαστος
458 2462 514 2530 καὶ
536 2465 595 2541 τὰς
617 2449 722 2540 αίτίας
741 2462 913 2549 ίστορήσαι
930 2472 1002 2528 τῶν
1021 2487 1113 2548 γινο-

94 2572 203 2658 μένων
220 2570 277 2638 καὶ
294 2575 372 2649 τοὺς
390 2573 534 2657 τρόπους
551 2579 619 2635 τών
636 2568 789 2650 πράξεων
806 2567 862 2634 καὶ
879 2569 937 2645 τάς
957 2570 1113 2648 διανοίας

93 2690 161 2745 τών
183 2678 381 2765 πραξάντων
403 2676 458 2743 καὶ
481 2679 521 2743 τά
543 2678 632 2762 παρδι
655 2684 716 2741 τοῦ
740 2676 917 2760 δαιμονίου
940 2680 1113 2764 συγκυρή-

94 2801 209 2868 σαντα,
231 2784 287 2850 καλ
310 2785 452 2869 μηδενὸς
474 2783 616 2868 ἀνήκοος
638 2785 797 2867 γενέσθαι
820 2791 886 2848 τών
908 2786 1113 2867 πεφυκότων

58 2903 163 2971 ειτοϊς
185 2893 355 2979 πράγμασι
377 2895 661 2975 παρακολουθεῖν·
698 2898 768 2967 τοῖς
791 2884 828 2954 δὲ
850 2893 1037 2970 πολιτικοῖς
1055 2887 1113 2957 ua!

165 3082 360 3139 4*ἕπειταο
433 3082 605 3152 8κροςήκεν
624 3083 671 3135 Ba
705 3089 826 3153 προςήκε
846 3081 891 3135 Bb
957 3082 1113 3154 θοώτεμίω

94 3157 147 3210 ΑΒ
184 3157 301 3226 οὐδεμία
322 3153 373 3208 01)
447 3160 480 3207 10
499 3148 742 3216 ίπαναστάσειςΒ
816 3147 1008 3216 ἐπανάστασις
1028 3153 1113 3224 signu

93 3227 224 3283 lectionis
247 3226 350 3280 dubiae
373 3224 503 3295 adposito
522 3225 547 3279 A
571 3227 575 3294 Ι
600 3219 719 3294 διαίρων
738 3241 761 3278 ο.
781 3223 946 3278 dubitanter
964 3223 1113 3294 Riessling

95 3304 127 3354 19
147 3295 222 3355 ἐστιν
241 3297 347 3352 add.B
408 3303 441 3351 21
479 3293 659 3366 ινομίνωνΟ
699 3292 855 3365 γενομένων
874 3293 1020 3365 Kiessling
1075 3301 1113 3350 22

93 3369 196 3434 τόπους
219 3388 240 3426 ο.
265 3369 375 3438 Krfiger
397 3368 434 3422 ad
455 3317 569 3436 δίοωγε.
593 3365 698 3421 Histor.
717 3385 744 3436 p.
765 3372 798 3422 55
823 3366 885 3422 coll.
906 3366 959 3435 XI,
981 3372 996 3420 1
1022 3367 1028 3436 Ι
1053 3375 1113 3422 τῶν

93 3441 223 3511 πράξεων
240 3443 263 3496 Β
300 3447 349 3510 τῆς
366 3439 493 3510 πράξεως
511 3438 537 3492 R

160 3592 245 3628 A
