<?xml version="1.0" encoding="UTF-8"?>
<!DOCTYPE html PUBLIC "-//W3C//DTD XHTML 1.0 Transitional//EN"
    "http://www.w3.org/TR/xhtml1/DTD/xhtml1-transitional.dtd">
<html xmlns="http://www.w3.org/1999/xhtml" xml:lang="en" lang="en">
 <head>
  <title>
</title>
<meta http-equiv="Content-Type" content="text/html;charset=utf-8" />
  <meta name='ocr-system' content='tesseract 3.04.00' />
  <meta name='ocr-capabilities' content='ocr_page ocr_carea ocr_par ocr_line ocrx_word'/>
</head>
<body>
  <div class='ocr_page' id='page_1' title='image "./dionysihalicarn02diongoog_0218.png"; bbox 0 0 2414 3840; ppageno 0'>
   <div class='ocr_carea' id='block_1_1' title="bbox 521 182 1114 247">
    <p class='ocr_par' dir='ltr' id='par_1_1' title="bbox 521 182 1114 247">
     <span class='ocr_line' id='line_1_1' title="bbox 521 182 1114 247; baseline 0.003 -2"><span class='ocrx_word' id='word_1_1' title='bbox 521 186 686 234; x_wconf 82' lang='lat' dir='ltr'><strong><em>-E—</em></strong></span> <span class='ocrx_word' id='word_1_2' title='bbox 1049 182 1114 247; x_wconf 78' lang='lat'><strong><em>205</em></strong></span> 
     </span>
    </p>
   </div>
   <div class='ocr_carea' id='block_1_2' title="bbox 28 342 1166 2894">
    <p class='ocr_par' dir='ltr' id='par_1_2' title="bbox 28 342 1166 2894">
     <span class='ocr_line' id='line_1_2' title="bbox 81 342 1116 432; baseline -0.001 -23"><span class='ocrx_word' id='word_1_3' title='bbox 81 344 206 423; x_wconf 62' lang='grc' dir='ltr'><strong><em>θακας</em></strong></span> <span class='ocrx_word' id='word_1_4' title='bbox 230 346 413 432; x_wconf 89' lang='grc' dir='ltr'><strong><em>ἀμφότεροι</em></strong></span> <span class='ocrx_word' id='word_1_5' title='bbox 440 347 561 431; x_wconf 89' lang='grc' dir='ltr'><strong><em>μικρὸν</em></strong></span> <span class='ocrx_word' id='word_1_6' title='bbox 588 342 769 429; x_wconf 76' lang='grc' dir='ltr'><strong><em>ἀπέχοντας</em></strong></span> <span class='ocrx_word' id='word_1_7' title='bbox 797 344 950 428; x_wconf 91' lang='grc' dir='ltr'><strong><em>ἀλλήλων</em></strong></span> <span class='ocrx_word' id='word_1_8' title='bbox 969 342 1116 429; x_wconf 77' lang='grc' dir='ltr'><strong><em>Ἠρήτου</em></strong></span> 
     </span>
     <span class='ocr_line' id='line_1_3' title="bbox 80 442 1166 539; baseline -0.004 -20"><span class='ocrx_word' id='word_1_9' title='bbox 80 442 237 539; x_wconf 69' lang='grc' dir='ltr'><strong><em>πόλεως,</em></strong></span> <span class='ocrx_word' id='word_1_10' title='bbox 258 453 279 538; x_wconf 81' lang='grc' dir='ltr'><strong><em>ἣ</em></strong></span> <span class='ocrx_word' id='word_1_11' title='bbox 303 462 365 519; x_wconf 82' lang='grc' dir='ltr'><strong><em>τοῦ</em></strong></span> <span class='ocrx_word' id='word_1_12' title='bbox 390 453 549 536; x_wconf 84' lang='grc' dir='ltr'><strong><em>Σαβίνων</em></strong></span> <span class='ocrx_word' id='word_1_13' title='bbox 573 449 664 517; x_wconf 81' lang='grc' dir='ltr'><strong><em>ἐστὶν</em></strong></span> <span class='ocrx_word' id='word_1_14' title='bbox 687 453 826 534; x_wconf 79' lang='grc' dir='ltr'><strong><em>ἔθνους,</em></strong></span> <span class='ocrx_word' id='word_1_15' title='bbox 852 450 892 516; x_wconf 85' lang='grc' dir='ltr'><strong><em>οὐ</em></strong></span> <span class='ocrx_word' id='word_1_16' title='bbox 914 453 1039 535; x_wconf 90' lang='grc' dir='ltr'><strong><em>πρόσω.</em></strong></span> <span class='ocrx_word' id='word_1_17' title='bbox 1163 500 1166 507; x_wconf 90' lang='grc'>.</span> 
     </span>
     <span class='ocr_line' id='line_1_4' title="bbox 177 555 1116 643; baseline -0.001 -19"><span class='ocrx_word' id='word_1_18' title='bbox 177 560 352 627; x_wconf 86' lang='lat' dir='ltr'>XXXXVI.</span> <span class='ocrx_word' id='word_1_19' title='bbox 382 555 438 635; x_wconf 82' lang='grc' dir='ltr'><strong><em>Ὡς</em></strong></span> <span class='ocrx_word' id='word_1_20' title='bbox 462 556 498 624; x_wconf 80' lang='grc' dir='ltr'><strong><em>δέ</em></strong></span> <span class='ocrx_word' id='word_1_21' title='bbox 521 559 680 625; x_wconf 78' lang='grc' dir='ltr'><strong><em>συνεῖδον</em></strong></span> <span class='ocrx_word' id='word_1_22' title='bbox 703 558 886 643; x_wconf 87' lang='grc' dir='ltr'><strong><em>ἀμφότεροι</em></strong></span> <span class='ocrx_word' id='word_1_23' title='bbox 908 560 949 623; x_wconf 84' lang='grc' dir='ltr'><strong><em>τά</em></strong></span> <span class='ocrx_word' id='word_1_24' title='bbox 971 569 1039 624; x_wconf 89' lang='grc' dir='ltr'><strong><em>τῶν</em></strong></span> <span class='ocrx_word' id='word_1_25' title='bbox 1057 579 1116 623; x_wconf 91' lang='grc' dir='ltr'><strong><em>πο-</em></strong></span> 
     </span>
     <span class='ocr_line' id='line_1_5' title="bbox 81 650 1116 754; baseline -0.005 -20"><span class='ocrx_word' id='word_1_26' title='bbox 81 650 224 749; x_wconf 55' lang='lat' dir='ltr'><strong><em>leucum</em></strong></span> <span class='ocrx_word' id='word_1_27' title='bbox 254 667 446 754; x_wconf 89' lang='grc' dir='ltr'><strong><em>πράγματα,</em></strong></span> <span class='ocrx_word' id='word_1_28' title='bbox 478 673 524 753; x_wconf 77' lang='grc' dir='ltr'><strong><em>τῷ</em></strong></span> <span class='ocrx_word' id='word_1_29' title='bbox 555 688 591 731; x_wconf 90' lang='grc' dir='ltr'><strong><em>τε</em></strong></span> <span class='ocrx_word' id='word_1_30' title='bbox 623 665 758 750; x_wconf 75' lang='grc' dir='ltr'><em>μεγέθει</em></span> <span class='ocrx_word' id='word_1_31' title='bbox 787 676 854 731; x_wconf 89' lang='grc' dir='ltr'><strong><em>τῶν</em></strong></span> <span class='ocrx_word' id='word_1_32' title='bbox 882 663 1116 752; x_wconf 79' lang='grc' dir='ltr'><strong><em>στρατοπέδων</em></strong></span> 
     </span>
     <span class='ocr_line' id='line_1_6' title="bbox 79 765 1138 859; baseline -0.007 -19"><span class='ocrx_word' id='word_1_33' title='bbox 79 765 290 852; x_wconf 63' lang='grc' dir='ltr'><strong><em>εἰκάσαντες</em></strong></span> <span class='ocrx_word' id='word_1_34' title='bbox 312 772 369 840; x_wconf 82' lang='grc' dir='ltr'><strong><em>καί</em></strong></span> <span class='ocrx_word' id='word_1_35' title='bbox 391 767 469 859; x_wconf 89' lang='grc' dir='ltr'><strong><em>παρ’</em></strong></span> <span class='ocrx_word' id='word_1_36' title='bbox 491 773 707 858; x_wconf 75' lang='grc' dir='ltr'><strong><em>αἰχμαλώτων</em></strong></span> <span class='ocrx_word' id='word_1_37' title='bbox 731 772 943 856; x_wconf 87' lang='grc' dir='ltr'><strong><em>ἀκούσαντες,</em></strong></span> <span class='ocrx_word' id='word_1_38' title='bbox 966 782 1036 850; x_wconf 86' lang='grc' dir='ltr'><strong><em>τοῖς</em></strong></span> <span class='ocrx_word' id='word_1_39' title='bbox 1054 769 1138 857; x_wconf 70' lang='grc' dir='ltr'><strong><em>μένε</em></strong></span> 
     </span>
     <span class='ocr_line' id='line_1_7' title="bbox 81 868 1117 966; baseline -0.004 -19"><span class='ocrx_word' id='word_1_40' title='bbox 81 868 264 966; x_wconf 72' lang='grc' dir='ltr'><strong><em>Σαβίνοις</em></strong></span> <span class='ocrx_word' id='word_1_41' title='bbox 291 882 421 966; x_wconf 90' lang='grc' dir='ltr'><strong><em>θάρσος</em></strong></span> <span class='ocrx_word' id='word_1_42' title='bbox 447 880 594 964; x_wconf 76' lang='grc' dir='ltr'><strong><em>παρέστη</em></strong></span> <span class='ocrx_word' id='word_1_43' title='bbox 622 876 677 944; x_wconf 85' lang='grc' dir='ltr'><strong><em>καὶ</em></strong></span> <span class='ocrx_word' id='word_1_44' title='bbox 700 882 949 964; x_wconf 83' lang='grc' dir='ltr'><strong><em>καταφρόνησις</em></strong></span> <span class='ocrx_word' id='word_1_45' title='bbox 970 888 1028 963; x_wconf 88' lang='grc' dir='ltr'><strong><em>τής</em></strong></span> <span class='ocrx_word' id='word_1_46' title='bbox 1049 891 1117 944; x_wconf 91' lang='grc' dir='ltr'><strong><em>τῶν</em></strong></span> 
     </span>
     <span class='ocr_line' id='line_1_8' title="bbox 79 982 1117 1074; baseline -0.002 -22"><span class='ocrx_word' id='word_1_47' title='bbox 79 992 269 1074; x_wconf 69' lang='grc' dir='ltr'><strong><em>πολεμίων</em></strong></span> <span class='ocrx_word' id='word_1_48' title='bbox 298 987 504 1071; x_wconf 81' lang='grc' dir='ltr'><strong><em>ὀλιγότητος,</em></strong></span> <span class='ocrx_word' id='word_1_49' title='bbox 532 998 603 1064; x_wconf 89' lang='grc' dir='ltr'><strong><em>τοῖς</em></strong></span> <span class='ocrx_word' id='word_1_50' title='bbox 626 982 663 1051; x_wconf 74' lang='grc' dir='ltr'><strong><em>δὲ</em></strong></span> <span class='ocrx_word' id='word_1_51' title='bbox 681 982 854 1070; x_wconf 88' lang='grc' dir='ltr'><strong><em>Ῥωμαίοις</em></strong></span> <span class='ocrx_word' id='word_1_52' title='bbox 878 985 952 1063; x_wconf 90' lang='grc' dir='ltr'><strong><em>δέος</em></strong></span> <span class='ocrx_word' id='word_1_53' title='bbox 974 986 1057 1071; x_wconf 89' lang='grc' dir='ltr'><strong><em>πρὸς</em></strong></span> <span class='ocrx_word' id='word_1_54' title='bbox 1079 985 1117 1050; x_wconf 87' lang='grc' dir='ltr'><strong><em>τὸ</em></strong></span> 
     </span>
     <span class='ocr_line' id='line_1_9' title="bbox 77 1088 1117 1178; baseline -0.005 -17"><span class='ocrx_word' id='word_1_55' title='bbox 77 1100 171 1161; x_wconf 61' lang='grc' dir='ltr'><strong><em>’τῶν</em></strong></span> <span class='ocrx_word' id='word_1_56' title='bbox 187 1093 500 1178; x_wconf 80' lang='grc' dir='ltr'><strong><em>ἀντιπολεμούντων</em></strong></span> <span class='ocrx_word' id='word_1_57' title='bbox 517 1097 661 1176; x_wconf 77' lang='grc' dir='ltr'><strong><em>πλῆθος·</em></strong></span> <span class='ocrx_word' id='word_1_58' title='bbox 690 1091 884 1177; x_wconf 76' lang='grc' dir='ltr'><strong><em>ἐθάρρησαν</em></strong></span> <span class='ocrx_word' id='word_1_59' title='bbox 903 1088 940 1157; x_wconf 74' lang='grc' dir='ltr'><strong><em>δέ</em></strong></span> <span class='ocrx_word' id='word_1_60' title='bbox 959 1089 1014 1156; x_wconf 80' lang='grc' dir='ltr'><strong><em>καλ</em></strong></span> <span class='ocrx_word' id='word_1_61' title='bbox 1032 1090 1117 1174; x_wconf 86' lang='grc' dir='ltr'><strong><em>&lt;οό&gt;</em></strong></span> 
     </span>
     <span class='ocr_line' id='line_1_10' title="bbox 56 1196 1118 1288; baseline -0.008 -17"><span class='ocrx_word' id='word_1_62' title='bbox 56 1203 219 1288; x_wconf 77' lang='grc' dir='ltr'><strong><em>’μικρὰς</em></strong></span> <span class='ocrx_word' id='word_1_63' title='bbox 247 1200 383 1278; x_wconf 80' lang='grc' dir='ltr'><strong><em>ἐλπίδας</em></strong></span> <span class='ocrx_word' id='word_1_64' title='bbox 409 1196 493 1286; x_wconf 75' lang='grc' dir='ltr'><strong><em>ὑπὲρ</em></strong></span> <span class='ocrx_word' id='word_1_65' title='bbox 521 1208 578 1283; x_wconf 87' lang='grc' dir='ltr'><strong><em>τής</em></strong></span> <span class='ocrx_word' id='word_1_66' title='bbox 605 1203 700 1281; x_wconf 86' lang='grc' dir='ltr'><strong><em>νίκης</em></strong></span> <span class='ocrx_word' id='word_1_67' title='bbox 723 1201 845 1282; x_wconf 81' lang='grc' dir='ltr'><strong><em>ἔλαβον</em></strong></span> <span class='ocrx_word' id='word_1_68' title='bbox 867 1201 980 1264; x_wconf 85' lang='grc' dir='ltr'><strong><em>ἀλλων</em></strong></span> <span class='ocrx_word' id='word_1_69' title='bbox 1002 1221 1037 1264; x_wconf 89' lang='grc' dir='ltr'><strong><em>τε</em></strong></span> <span class='ocrx_word' id='word_1_70' title='bbox 1061 1215 1118 1283; x_wconf 91' lang='grc' dir='ltr'><strong><em>ση-</em></strong></span> 
     </span>
     <span class='ocr_line' id='line_1_11' title="bbox 77 1303 1154 1392; baseline -0.013 -13"><span class='ocrx_word' id='word_1_71' title='bbox 77 1312 204 1379; x_wconf 71' lang='grc' dir='ltr'><strong><em>μείων</em></strong></span> <span class='ocrx_word' id='word_1_72' title='bbox 226 1306 419 1392; x_wconf 88' lang='grc' dir='ltr'><strong><em>γενομένων</em></strong></span> <span class='ocrx_word' id='word_1_73' title='bbox 442 1310 540 1387; x_wconf 93' lang='grc' dir='ltr'><strong><em>σφίσι</em></strong></span> <span class='ocrx_word' id='word_1_74' title='bbox 561 1304 782 1389; x_wconf 76' lang='grc' dir='ltr'><strong><em>θεοπέμπτων</em></strong></span> <span class='ocrx_word' id='word_1_75' title='bbox 800 1303 856 1372; x_wconf 82' lang='grc' dir='ltr'><strong><em>καὶ</em></strong></span> <span class='ocrx_word' id='word_1_76' title='bbox 875 1307 917 1390; x_wconf 83' lang='grc' dir='ltr'><strong><em>δή</em></strong></span> <span class='ocrx_word' id='word_1_77' title='bbox 935 1304 990 1372; x_wconf 79' lang='grc' dir='ltr'><strong><em>καὶ</em></strong></span> <span class='ocrx_word' id='word_1_78' title='bbox 1008 1311 1118 1372; x_wconf 90' lang='grc' dir='ltr'><strong><em>τελευ-</em></strong></span> <span class='ocrx_word' id='word_1_79' title='bbox 1129 1325 1154 1366; x_wconf 86' lang='lat'><strong><em>10</em></strong></span> 
     </span>
     <span class='ocr_line' id='line_1_12' title="bbox 78 1413 1117 1500; baseline -0.004 -18"><span class='ocrx_word' id='word_1_80' title='bbox 78 1418 199 1482; x_wconf 77' lang='grc' dir='ltr'><strong><em>ῑαίου</em></strong></span> <span class='ocrx_word' id='word_1_81' title='bbox 221 1415 411 1500; x_wconf 90' lang='grc' dir='ltr'><strong><em>φάσματος,</em></strong></span> <span class='ocrx_word' id='word_1_82' title='bbox 436 1415 490 1480; x_wconf 84' lang='grc' dir='ltr'><strong><em>ὅτε</em></strong></span> <span class='ocrx_word' id='word_1_83' title='bbox 512 1413 780 1499; x_wconf 81' lang='grc' dir='ltr'><strong><em>παρατάττεσθαι</em></strong></span> <span class='ocrx_word' id='word_1_84' title='bbox 803 1416 952 1498; x_wconf 82' lang='grc' dir='ltr'><strong><em>ἔμελλον,</em></strong></span> <span class='ocrx_word' id='word_1_85' title='bbox 976 1415 1117 1480; x_wconf 85' lang='grc' dir='ltr'><strong><em>τοιοῦδε.</em></strong></span> 
     </span>
     <span class='ocr_line' id='line_1_13' title="bbox 28 1510 1154 1605; baseline -0.004 -17"><span class='ocrx_word' id='word_1_86' title='bbox 28 1510 143 1587; x_wconf 67' lang='grc' dir='ltr'><strong><em>’ωὲκ</em></strong></span> <span class='ocrx_word' id='word_1_87' title='bbox 170 1532 238 1588; x_wconf 85' lang='grc' dir='ltr'><strong><em>τῶν</em></strong></span> <span class='ocrx_word' id='word_1_88' title='bbox 268 1518 572 1605; x_wconf 79' lang='grc' dir='ltr'><strong><em>καταπεπηγμένων</em></strong></span> <span class='ocrx_word' id='word_1_89' title='bbox 604 1520 694 1604; x_wconf 83' lang='grc' dir='ltr'><strong><em>παρά</em></strong></span> <span class='ocrx_word' id='word_1_90' title='bbox 725 1531 797 1596; x_wconf 89' lang='grc' dir='ltr'><strong><em>ταῖς</em></strong></span> <span class='ocrx_word' id='word_1_91' title='bbox 826 1531 964 1603; x_wconf 77' lang='grc' dir='ltr'><strong><em>σκηναῖς</em></strong></span> <span class='ocrx_word' id='word_1_92' title='bbox 990 1519 1154 1585; x_wconf 77' lang='grc' dir='ltr'><strong><em>ὑσσῶν·2</em></strong></span> 
     </span>
     <span class='ocr_line' id='line_1_14' title="bbox 78 1622 1120 1712; baseline -0.004 -17"><span class='ocrx_word' id='word_1_93' title='bbox 78 1622 174 1694; x_wconf 69' lang='grc' dir='ltr'><strong><em>ἔστι</em></strong></span> <span class='ocrx_word' id='word_1_94' title='bbox 198 1627 362 1695; x_wconf 72' lang='grc' dir='ltr'><strong><em>δὲταῦτα</em></strong></span> <span class='ocrx_word' id='word_1_95' title='bbox 385 1625 464 1712; x_wconf 83' lang='grc' dir='ltr'><strong><em>βέλη</em></strong></span> <span class='ocrx_word' id='word_1_96' title='bbox 484 1622 670 1712; x_wconf 90' lang='grc' dir='ltr'><strong><em>Ῥωμαίων,</em></strong></span> <span class='ocrx_word' id='word_1_97' title='bbox 698 1626 719 1691; x_wconf 80' lang='grc' dir='ltr'><strong><em>δ</em></strong></span> <span class='ocrx_word' id='word_1_98' title='bbox 742 1628 916 1702; x_wconf 86' lang='grc' dir='ltr'><strong><em>συνιόντες</em></strong></span> <span class='ocrx_word' id='word_1_99' title='bbox 939 1627 986 1702; x_wconf 87' lang='grc' dir='ltr'><strong><em>είς</em></strong></span> <span class='ocrx_word' id='word_1_100' title='bbox 1008 1636 1120 1711; x_wconf 88' lang='grc' dir='ltr'><strong><em>χεῖρας</em></strong></span> 
     </span>
     <span class='ocr_line' id='line_1_15' title="bbox 80 1727 1147 1820; baseline -0.011 -17"><span class='ocrx_word' id='word_1_101' title='bbox 80 1727 360 1819; x_wconf 66' lang='grc' dir='ltr'><strong><em>ἐξακοντίζουσι,</em></strong></span> <span class='ocrx_word' id='word_1_102' title='bbox 383 1734 465 1814; x_wconf 80' lang='grc' dir='ltr'><strong><em>ξύλα</em></strong></span> <span class='ocrx_word' id='word_1_103' title='bbox 487 1736 640 1820; x_wconf 91' lang='grc' dir='ltr'><strong><em>προμήκη</em></strong></span> <span class='ocrx_word' id='word_1_104' title='bbox 663 1756 698 1798; x_wconf 91' lang='grc' dir='ltr'><strong><em>τε</em></strong></span> <span class='ocrx_word' id='word_1_105' title='bbox 718 1731 774 1798; x_wconf 83' lang='grc' dir='ltr'><strong><em>καὶ</em></strong></span> <span class='ocrx_word' id='word_1_106' title='bbox 792 1734 997 1818; x_wconf 77' lang='grc' dir='ltr'><strong><em>χειροπλήθη</em></strong></span> <span class='ocrx_word' id='word_1_107' title='bbox 1017 1744 1120 1818; x_wconf 84' lang='grc' dir='ltr'><strong><em>τριῶν</em></strong></span> <span class='ocrx_word' id='word_1_108' title='bbox 1143 1784 1147 1791; x_wconf 96' lang='grc'><em>.</em></span> 
     </span>
     <span class='ocr_line' id='line_1_16' title="bbox 81 1838 1156 1929; baseline -0.007 -22"><span class='ocrx_word' id='word_1_109' title='bbox 81 1842 168 1929; x_wconf 83' lang='grc' dir='ltr'><strong><em>οόχ</em></strong></span> <span class='ocrx_word' id='word_1_110' title='bbox 184 1838 286 1927; x_wconf 85' lang='grc' dir='ltr'><strong><em>ήττον</em></strong></span> <span class='ocrx_word' id='word_1_111' title='bbox 303 1843 419 1908; x_wconf 81' lang='grc' dir='ltr'><strong><em>ποδῶν</em></strong></span> <span class='ocrx_word' id='word_1_112' title='bbox 438 1842 598 1927; x_wconf 86' lang='grc' dir='ltr'><strong><em>σιδηροῦς</em></strong></span> <span class='ocrx_word' id='word_1_113' title='bbox 617 1840 811 1924; x_wconf 88' lang='grc' dir='ltr'><strong><em>ὀβελίσκους</em></strong></span> <span class='ocrx_word' id='word_1_114' title='bbox 825 1842 942 1924; x_wconf 80' lang='grc' dir='ltr'><strong><em>ἔχοντα</em></strong></span> <span class='ocrx_word' id='word_1_115' title='bbox 955 1839 1120 1925; x_wconf 84' lang='grc' dir='ltr'><strong><em>προόχον-</em></strong></span> <span class='ocrx_word' id='word_1_116' title='bbox 1130 1858 1156 1900; x_wconf 79' lang='grc' dir='ltr'><strong><em>ιι</em></strong></span> 
     </span>
     <span class='ocr_line' id='line_1_17' title="bbox 81 1945 1122 2033; baseline -0.003 -18"><span class='ocrx_word' id='word_1_117' title='bbox 81 1964 165 2027; x_wconf 82' lang='grc' dir='ltr'><strong><em>τας</em></strong></span> <span class='ocrx_word' id='word_1_118' title='bbox 193 1948 264 2015; x_wconf 86' lang='grc' dir='ltr'><strong><em>κατ’</em></strong></span> <span class='ocrx_word' id='word_1_119' title='bbox 298 1949 437 2015; x_wconf 87' lang='grc' dir='ltr'><strong><em>εὐθεῖαν</em></strong></span> <span class='ocrx_word' id='word_1_120' title='bbox 468 1947 505 2014; x_wconf 88' lang='grc' dir='ltr'><strong><em>ἐιι</em></strong></span> <span class='ocrx_word' id='word_1_121' title='bbox 536 1945 683 2032; x_wconf 87' lang='grc' dir='ltr'><strong><em>θατέρου</em></strong></span> <span class='ocrx_word' id='word_1_122' title='bbox 715 1957 783 2013; x_wconf 89' lang='grc' dir='ltr'><strong><em>τῶν</em></strong></span> <span class='ocrx_word' id='word_1_123' title='bbox 815 1948 943 2033; x_wconf 87' lang='grc' dir='ltr'><strong><em>άκρων,</em></strong></span> <span class='ocrx_word' id='word_1_124' title='bbox 975 1948 1122 2032; x_wconf 91' lang='grc' dir='ltr'><strong><em>μετρίοις</em></strong></span> 
     </span>
     <span class='ocr_line' id='line_1_18' title="bbox 87 2050 1122 2144; baseline 0.002 -27"><span class='ocrx_word' id='word_1_125' title='bbox 87 2050 271 2134; x_wconf 81' lang='grc' dir='ltr'><strong><em>ἀκοντίοις</em></strong></span> <span class='ocrx_word' id='word_1_126' title='bbox 294 2062 351 2121; x_wconf 88' lang='grc' dir='ltr'><strong><em>ῖσα</em></strong></span> <span class='ocrx_word' id='word_1_127' title='bbox 374 2059 437 2122; x_wconf 85' lang='grc' dir='ltr'><strong><em>σὺν</em></strong></span> <span class='ocrx_word' id='word_1_128' title='bbox 459 2063 505 2144; x_wconf 75' lang='grc' dir='ltr'><strong><em>τῷ</em></strong></span> <span class='ocrx_word' id='word_1_129' title='bbox 529 2056 671 2142; x_wconf 79' lang='grc' dir='ltr'><strong><em>σιδήρῳ·</em></strong></span> <span class='ocrx_word' id='word_1_130' title='bbox 704 2053 741 2119; x_wconf 89' lang='grc' dir='ltr'><strong><em>ἐκ</em></strong></span> <span class='ocrx_word' id='word_1_131' title='bbox 762 2054 891 2119; x_wconf 86' lang='grc' dir='ltr'><strong><em>τούτων</em></strong></span> <span class='ocrx_word' id='word_1_132' title='bbox 915 2055 956 2137; x_wconf 83' lang='grc' dir='ltr'><strong><em>δή</em></strong></span> <span class='ocrx_word' id='word_1_133' title='bbox 975 2064 1043 2119; x_wconf 90' lang='grc' dir='ltr'><strong><em>τῶν</em></strong></span> <span class='ocrx_word' id='word_1_134' title='bbox 1062 2054 1122 2119; x_wconf 83' lang='grc' dir='ltr'><strong><em>ὑσ-</em></strong></span> 
     </span>
     <span class='ocr_line' id='line_1_19' title="bbox 87 2161 1121 2250; baseline 0.003 -27"><span class='ocrx_word' id='word_1_135' title='bbox 87 2172 176 2228; x_wconf 86' lang='grc' dir='ltr'><strong><em>σῶν</em></strong></span> <span class='ocrx_word' id='word_1_136' title='bbox 192 2161 269 2250; x_wconf 78' lang='grc' dir='ltr'><strong><em>περὶ</em></strong></span> <span class='ocrx_word' id='word_1_137' title='bbox 288 2173 359 2240; x_wconf 87' lang='grc' dir='ltr'><strong><em>τοῖς</em></strong></span> <span class='ocrx_word' id='word_1_138' title='bbox 377 2164 491 2248; x_wconf 83' lang='grc' dir='ltr'><strong><em>άκροις</em></strong></span> <span class='ocrx_word' id='word_1_139' title='bbox 504 2173 572 2228; x_wconf 87' lang='grc' dir='ltr'><strong><em>τῶν</em></strong></span> <span class='ocrx_word' id='word_1_140' title='bbox 587 2162 769 2249; x_wconf 84' lang='grc' dir='ltr'><strong><em>ὀβελίσκων</em></strong></span> <span class='ocrx_word' id='word_1_141' title='bbox 785 2165 908 2246; x_wconf 81' lang='grc' dir='ltr'><strong><em>φλόγες</em></strong></span> <span class='ocrx_word' id='word_1_142' title='bbox 922 2161 1121 2245; x_wconf 91' lang='grc' dir='ltr'><strong><em>ἀνήπτοντο,</em></strong></span> 
     </span>
     <span class='ocr_line' id='line_1_20' title="bbox 87 2264 1121 2355; baseline 0 -23"><span class='ocrx_word' id='word_1_143' title='bbox 87 2266 163 2333; x_wconf 78' lang='grc' dir='ltr'><strong><em>καλ</em></strong></span> <span class='ocrx_word' id='word_1_144' title='bbox 183 2267 227 2335; x_wconf 90' lang='grc' dir='ltr'><strong><em>δι’</em></strong></span> <span class='ocrx_word' id='word_1_145' title='bbox 249 2271 332 2337; x_wconf 85' lang='grc' dir='ltr'><strong><em>ὅλου</em></strong></span> <span class='ocrx_word' id='word_1_146' title='bbox 350 2278 411 2335; x_wconf 84' lang='grc' dir='ltr'><strong><em>τοῦ</em></strong></span> <span class='ocrx_word' id='word_1_147' title='bbox 430 2266 658 2355; x_wconf 89' lang='grc' dir='ltr'><strong><em>στρατοπέδου</em></strong></span> <span class='ocrx_word' id='word_1_148' title='bbox 676 2272 714 2335; x_wconf 91' lang='grc' dir='ltr'><strong><em>τὸ</em></strong></span> <span class='ocrx_word' id='word_1_149' title='bbox 734 2267 831 2346; x_wconf 84' lang='grc' dir='ltr'><strong><em>σέλας</em></strong></span> <span class='ocrx_word' id='word_1_150' title='bbox 848 2264 902 2353; x_wconf 82' lang='grc' dir='ltr'><strong><em>ήν,</em></strong></span> <span class='ocrx_word' id='word_1_151' title='bbox 926 2269 1037 2353; x_wconf 78' lang='grc' dir='ltr'><strong><em>ὥσπερ</em></strong></span> <span class='ocrx_word' id='word_1_152' title='bbox 1057 2267 1121 2332; x_wconf 90' lang='grc' dir='ltr'><strong><em>ἀπὸ</em></strong></span> 
     </span>
     <span class='ocr_line' id='line_1_21' title="bbox 95 2343 1157 2472; baseline -0.002 -31"><span class='ocrx_word' id='word_1_153' title='bbox 95 2376 297 2462; x_wconf 83' lang='grc' dir='ltr'><strong><em>λαμπάδων,</em></strong></span> <span class='ocrx_word' id='word_1_154' title='bbox 319 2374 375 2443; x_wconf 76' lang='grc' dir='ltr'><strong><em>καί</em></strong></span> <span class='ocrx_word' id='word_1_155' title='bbox 396 2376 533 2462; x_wconf 84' lang='grc' dir='ltr'><strong><em>κατέσχε</em></strong></span> <span class='ocrx_word' id='word_1_156' title='bbox 555 2384 613 2459; x_wconf 85' lang='grc' dir='ltr'><strong><em>τής</em></strong></span> <span class='ocrx_word' id='word_1_157' title='bbox 635 2377 756 2453; x_wconf 88' lang='grc' dir='ltr'><strong><em>νυκτὸς</em></strong></span> <span class='ocrx_word' id='word_1_158' title='bbox 778 2374 831 2442; x_wconf 78' lang='grc' dir='ltr'><strong><em>ἐπὶ</em></strong></span> <span class='ocrx_word' id='word_1_159' title='bbox 853 2377 949 2443; x_wconf 85' lang='grc' dir='ltr'><strong><em>πολύ.</em></strong></span> <span class='ocrx_word' id='word_1_160' title='bbox 986 2375 1023 2442; x_wconf 87' lang='grc' dir='ltr'><strong><em>ἐκ</em></strong></span> <span class='ocrx_word' id='word_1_161' title='bbox 1040 2343 1157 2472; x_wconf 55' lang='grc' dir='ltr'><strong><em>τού-,Ξ</em></strong></span> 
     </span>
     <span class='ocr_line' id='line_1_22' title="bbox 97 2481 1116 2570; baseline 0.002 -23"><span class='ocrx_word' id='word_1_162' title='bbox 97 2500 170 2547; x_wconf 86' lang='grc' dir='ltr'><strong><em>τον</em></strong></span> <span class='ocrx_word' id='word_1_163' title='bbox 187 2481 371 2568; x_wconf 91' lang='grc' dir='ltr'><strong><em>κατέλαβον</em></strong></span> <span class='ocrx_word' id='word_1_164' title='bbox 392 2492 454 2549; x_wconf 84' lang='grc' dir='ltr'><strong><em>τοῦ</em></strong></span> <span class='ocrx_word' id='word_1_165' title='bbox 476 2483 662 2569; x_wconf 87' lang='grc' dir='ltr'><strong><em>φάσματος,</em></strong></span> <span class='ocrx_word' id='word_1_166' title='bbox 691 2484 801 2570; x_wconf 80' lang='grc' dir='ltr'><strong><em>ὥσπερ</em></strong></span> <span class='ocrx_word' id='word_1_167' title='bbox 825 2484 861 2549; x_wconf 92' lang='grc' dir='ltr'><strong><em>οί</em></strong></span> <span class='ocrx_word' id='word_1_168' title='bbox 879 2485 1116 2569; x_wconf 88' lang='grc' dir='ltr'><strong><em>τερατοσκόποι</em></strong></span> 
     </span>
     <span class='ocr_line' id='line_1_23' title="bbox 109 2584 1123 2677; baseline 0.004 -23"><span class='ocrx_word' id='word_1_169' title='bbox 109 2584 295 2676; x_wconf 78' lang='grc' dir='ltr'><strong><em>ἀπέφαινον</em></strong></span> <span class='ocrx_word' id='word_1_170' title='bbox 312 2587 368 2656; x_wconf 80' lang='grc' dir='ltr'><strong><em>καὶ</em></strong></span> <span class='ocrx_word' id='word_1_171' title='bbox 386 2599 488 2656; x_wconf 85' lang='grc' dir='ltr'><strong><em>πᾶσιν</em></strong></span> <span class='ocrx_word' id='word_1_172' title='bbox 506 2590 700 2676; x_wconf 85' lang='grc' dir='ltr'><strong><em>ἀνθρώποις</em></strong></span> <span class='ocrx_word' id='word_1_173' title='bbox 719 2595 901 2677; x_wconf 77' lang='grc' dir='ltr'><strong><em>συμβαλεῖν</em></strong></span> <span class='ocrx_word' id='word_1_174' title='bbox 921 2591 963 2656; x_wconf 87' lang='grc' dir='ltr'><strong><em>οὐ</em></strong></span> <span class='ocrx_word' id='word_1_175' title='bbox 978 2594 1123 2677; x_wconf 89' lang='grc' dir='ltr'><strong><em>χαλεπὸν</em></strong></span> 
     </span>
     <span class='ocr_line' id='line_1_24' title="bbox 112 2685 1123 2786; baseline 0.003 -23"><span class='ocrx_word' id='word_1_176' title='bbox 112 2685 170 2778; x_wconf 77' lang='grc' dir='ltr'><strong><em>ἦν,</em></strong></span> <span class='ocrx_word' id='word_1_177' title='bbox 198 2698 248 2763; x_wconf 87' lang='grc' dir='ltr'><strong><em>ότι</em></strong></span> <span class='ocrx_word' id='word_1_178' title='bbox 274 2701 374 2781; x_wconf 89' lang='grc' dir='ltr'><strong><em>νίκην</em></strong></span> <span class='ocrx_word' id='word_1_179' title='bbox 402 2697 517 2775; x_wconf 82' lang='grc' dir='ltr'><strong><em>αὐτοῖς</em></strong></span> <span class='ocrx_word' id='word_1_180' title='bbox 542 2709 677 2783; x_wconf 90' lang='grc' dir='ltr'><strong><em>ταχεῖαν</em></strong></span> <span class='ocrx_word' id='word_1_181' title='bbox 704 2697 759 2764; x_wconf 83' lang='grc' dir='ltr'><strong><em>καὶ</em></strong></span> <span class='ocrx_word' id='word_1_182' title='bbox 787 2701 941 2786; x_wconf 85' lang='grc' dir='ltr'><strong><em>λαμπράν</em></strong></span> <span class='ocrx_word' id='word_1_183' title='bbox 969 2703 1123 2785; x_wconf 90' lang='grc' dir='ltr'><strong><em>σημαίνει</em></strong></span> 
     </span>
     <span class='ocr_line' id='line_1_25' title="bbox 117 2799 1124 2894; baseline 0.005 -25"><span class='ocrx_word' id='word_1_184' title='bbox 117 2799 155 2862; x_wconf 72' lang='grc' dir='ltr'><strong><em>τὸ</em></strong></span> <span class='ocrx_word' id='word_1_185' title='bbox 179 2805 372 2891; x_wconf 90' lang='grc' dir='ltr'><strong><em>δαιμόνιον,</em></strong></span> <span class='ocrx_word' id='word_1_186' title='bbox 403 2803 578 2891; x_wconf 79' lang='grc' dir='ltr'><strong><em>ἐπειδήπερ</em></strong></span> <span class='ocrx_word' id='word_1_187' title='bbox 611 2806 699 2870; x_wconf 87' lang='grc' dir='ltr'><strong><em>όίπαν</em></strong></span> <span class='ocrx_word' id='word_1_188' title='bbox 733 2811 812 2871; x_wconf 86' lang='grc' dir='ltr'><strong><em>είκει</em></strong></span> <span class='ocrx_word' id='word_1_189' title='bbox 840 2806 930 2894; x_wconf 73' lang='grc' dir='ltr'><strong><em>&lt;τρλ&gt;</em></strong></span> <span class='ocrx_word' id='word_1_190' title='bbox 960 2805 1042 2894; x_wconf 76' lang='grc' dir='ltr'><strong><em>πυρί</em></strong></span> <span class='ocrx_word' id='word_1_191' title='bbox 1069 2808 1124 2876; x_wconf 83' lang='grc' dir='ltr'><strong><em>καὶ</em></strong></span> 
     </span>
    </p>
   </div>
   <div class='ocr_carea' id='block_1_3' title="bbox 119 2903 1159 3108">
    <p class='ocr_par' dir='ltr' id='par_1_3' title="bbox 119 2903 1159 3108">
     <span class='ocr_line' id='line_1_26' title="bbox 120 2903 1159 2999; baseline 0.018 -35"><span class='ocrx_word' id='word_1_192' title='bbox 120 2903 209 2978; x_wconf 71' lang='grc' dir='ltr'><strong><em>οὐδὲν</em></strong></span> <span class='ocrx_word' id='word_1_193' title='bbox 235 2912 254 2977; x_wconf 86' lang='grc' dir='ltr'><strong><em>ό</em></strong></span> <span class='ocrx_word' id='word_1_194' title='bbox 281 2934 314 2977; x_wconf 94' lang='grc' dir='ltr'><strong><em>τι</em></strong></span> <span class='ocrx_word' id='word_1_195' title='bbox 342 2911 403 2996; x_wconf 86' lang='grc' dir='ltr'><strong><em>οὐχ</em></strong></span> <span class='ocrx_word' id='word_1_196' title='bbox 431 2911 496 2977; x_wconf 84' lang='grc' dir='ltr'><strong><em>ὑπὸ</em></strong></span> <span class='ocrx_word' id='word_1_197' title='bbox 524 2921 585 2977; x_wconf 84' lang='grc' dir='ltr'><strong><em>τοῦ</em></strong></span> <span class='ocrx_word' id='word_1_198' title='bbox 607 2914 712 2998; x_wconf 87' lang='grc' dir='ltr'><strong><em>πυρὸς</em></strong></span> <span class='ocrx_word' id='word_1_199' title='bbox 736 2914 977 2999; x_wconf 89' lang='grc' dir='ltr'><strong><em>διαφθείρεται.</em></strong></span> <span class='ocrx_word' id='word_1_200' title='bbox 1022 2925 1122 2982; x_wconf 82' lang='grc' dir='ltr'><strong><em>τοῦτο</em></strong></span> <span class='ocrx_word' id='word_1_201' title='bbox 1133 2933 1159 2973; x_wconf 76' lang='lat'><strong><em>2⁶</em></strong></span> 
     </span>
     <span class='ocr_line' id='line_1_27' title="bbox 119 3005 1124 3108; baseline 0.004 -25"><span class='ocrx_word' id='word_1_202' title='bbox 119 3005 149 3068; x_wconf 68' lang='lat'><strong><em>‘3’</em></strong></span> <span class='ocrx_word' id='word_1_203' title='bbox 166 3018 212 3083; x_wconf 84' lang='grc' dir='ltr'><strong><em>ότι</em></strong></span> <span class='ocrx_word' id='word_1_204' title='bbox 229 3017 266 3084; x_wconf 86' lang='grc' dir='ltr'><strong><em>ἐκ</em></strong></span> <span class='ocrx_word' id='word_1_205' title='bbox 283 3028 353 3084; x_wconf 87' lang='grc' dir='ltr'><strong><em>τῶν</em></strong></span> <span class='ocrx_word' id='word_1_206' title='bbox 372 3017 586 3104; x_wconf 88' lang='grc' dir='ltr'><strong><em>ἀμυντηρίων</em></strong></span> <span class='ocrx_word' id='word_1_207' title='bbox 605 3019 720 3097; x_wconf 82' lang='grc' dir='ltr'><strong><em>αὐτοῖς</em></strong></span> <span class='ocrx_word' id='word_1_208' title='bbox 738 3020 851 3086; x_wconf 82' lang='grc' dir='ltr'><strong><em>ὅπλων</em></strong></span> <span class='ocrx_word' id='word_1_209' title='bbox 871 3021 1021 3107; x_wconf 87' lang='grc' dir='ltr'><strong><em>ἀνήφθη,</em></strong></span> <span class='ocrx_word' id='word_1_210' title='bbox 1043 3026 1124 3108; x_wconf 81' lang='grc' dir='ltr'><strong><em>μετὰ</em></strong></span> 
     </span>
    </p>
   </div>
   <div class='ocr_carea' id='block_1_4' title="bbox 116 3175 1124 3517">
    <p class='ocr_par' dir='ltr' id='par_1_4' title="bbox 116 3175 1124 3517">
     <span class='ocr_line' id='line_1_28' title="bbox 120 3175 1124 3303; baseline 0.001 -73"><span class='ocrx_word' id='word_1_211' title='bbox 120 3184 195 3301; x_wconf 71' lang='lat' dir='ltr'><strong><em>sellul</em></strong></span> <span class='ocrx_word' id='word_1_212' title='bbox 214 3176 320 3249; x_wconf 80' lang='grc' dir='ltr'><strong><em>ήρήτου</em></strong></span> <span class='ocrx_word' id='word_1_213' title='bbox 338 3175 415 3230; x_wconf 81' lang='lat' dir='ltr'><strong><em>ABa</em></strong></span> <span class='ocrx_word' id='word_1_214' title='bbox 447 3175 536 3246; x_wconf 89' lang='grc' dir='ltr'><strong><em>ίρίτον</em></strong></span> <span class='ocrx_word' id='word_1_215' title='bbox 550 3177 597 3303; x_wconf 68' lang='lat' dir='ltr'><strong><em>Bl}</em></strong></span> <span class='ocrx_word' id='word_1_216' title='bbox 653 3185 669 3233; x_wconf 92' lang='lat'><em>8</em></span> <span class='ocrx_word' id='word_1_217' title='bbox 689 3180 721 3268; x_wconf 76' lang='grc' dir='ltr'><strong><em>οβ</em></strong></span> <span class='ocrx_word' id='word_1_218' title='bbox 737 3181 803 3233; x_wconf 70' lang='lat' dir='ltr'><strong>ante</strong></span> <span class='ocrx_word' id='word_1_219' title='bbox 818 3180 923 3269; x_wconf 64' lang='grc' dir='ltr'><strong><em>μρκράς</em></strong></span> <span class='ocrx_word' id='word_1_220' title='bbox 934 3181 998 3236; x_wconf 79' lang='lat' dir='ltr'><strong>add.</strong></span> <span class='ocrx_word' id='word_1_221' title='bbox 1014 3180 1124 3248; x_wconf 84' lang='lat' dir='ltr'><strong>Pflugk,</strong></span> 
     </span>
     <span class='ocr_line' id='line_1_29' title="bbox 119 3249 1123 3393; baseline -0.003 -19"><span class='ocrx_word' id='word_1_222' title='bbox 119 3320 149 3360; x_wconf 76' lang='lat'><strong><em>⁶⁰</em></strong></span> <span class='ocrx_word' id='word_1_223' title='bbox 185 3249 355 3376; x_wconf 52' lang='grc' dir='ltr'><strong><em>ἀάίειῗχίόω</em></strong></span> <span class='ocrx_word' id='word_1_224' title='bbox 374 3254 452 3375; x_wconf 62' lang='grc' dir='ltr'><strong><em>Ράὀ)</em></strong></span> <span class='ocrx_word' id='word_1_225' title='bbox 463 3253 658 3393; x_wconf 51' lang='grc' dir='ltr'><strong><em>οημ&lt;1α6ιί&gt;ἀιιειθ</em></strong></span> <span class='ocrx_word' id='word_1_226' title='bbox 659 3270 761 3375; x_wconf 59' lang='grc' dir='ltr'><strong><em>οάότόρου</em></strong></span> <span class='ocrx_word' id='word_1_227' title='bbox 779 3251 975 3391; x_wconf 55' lang='grc' dir='ltr'><strong><em>Βῶιλεάβτάὀίόά</em></strong></span> <span class='ocrx_word' id='word_1_228' title='bbox 993 3252 1105 3374; x_wconf 63' lang='grc' dir='ltr'><strong><em>ὀόεἰελέ</em></strong></span> <span class='ocrx_word' id='word_1_229' title='bbox 1107 3255 1123 3371; x_wconf 63' lang='grc'><strong><em>21</em></strong></span> 
     </span>
     <span class='ocr_line' id='line_1_30' title="bbox 116 3320 1123 3517; baseline -0.007 -70"><span class='ocrx_word' id='word_1_230' title='bbox 116 3320 244 3517; x_wconf 52' lang='grc' dir='ltr'><strong><em>ἷῖἓόμὶμὶ</em></strong></span> <span class='ocrx_word' id='word_1_231' title='bbox 267 3392 332 3447; x_wconf 82' lang='lat' dir='ltr'><strong>add.</strong></span> <span class='ocrx_word' id='word_1_232' title='bbox 352 3391 399 3446; x_wconf 81' lang='grc' dir='ltr'><strong><em>Βο</em></strong></span> <span class='ocrx_word' id='word_1_233' title='bbox 487 3399 522 3447; x_wconf 78' lang='lat'><strong><em>26</em></strong></span> <span class='ocrx_word' id='word_1_234' title='bbox 542 3391 585 3446; x_wconf 80' lang='grc' dir='ltr'><strong><em>ὅτι</em></strong></span> <span class='ocrx_word' id='word_1_235' title='bbox 608 3391 628 3446; x_wconf 83' lang='lat' dir='ltr'>C</span> <span class='ocrx_word' id='word_1_236' title='bbox 652 3393 686 3449; x_wconf 83' lang='lat' dir='ltr'><strong><em>cf.</em></strong></span> <span class='ocrx_word' id='word_1_237' title='bbox 712 3392 836 3448; x_wconf 72' lang='lat' dir='ltr'>Sintenis</span> <span class='ocrx_word' id='word_1_238' title='bbox 859 3393 920 3448; x_wconf 86' lang='lat' dir='ltr'><strong><em>Em.</em></strong></span> <span class='ocrx_word' id='word_1_239' title='bbox 944 3392 1026 3445; x_wconf 91' lang='lat' dir='ltr'><strong>Dion.</strong></span> <span class='ocrx_word' id='word_1_240' title='bbox 1045 3391 1072 3443; x_wconf 91' lang='grc' dir='ltr'>Π</span> <span class='ocrx_word' id='word_1_241' title='bbox 1092 3391 1123 3442; x_wconf 80' lang='lat'><strong><em>15</em></strong></span> 
     </span>
    </p>
   </div>
   <div class='ocr_carea' id='block_1_5' title="bbox 0 0 1212 3840">
    <p class='ocr_par' dir='ltr' id='par_1_5' title="bbox 0 0 1212 3840">
     <span class='ocr_line' id='line_1_31' title="bbox 0 0 1212 3840; baseline 0 4"><span class='ocrx_word' id='word_1_242' title='bbox 0 0 1212 3840; x_wconf 95' lang='lat' dir='ltr'><strong><em> </em></strong></span> 
     </span>
    </p>
   </div>
  </div>
 </body>
</html>
