2414 3840
94 177 157 241 172
519 180 683 230 -Ε-

90 339 153 423 την
176 341 274 404 πόλιν
299 337 456 404 ἁπάντων
479 337 535 405 καὶ
558 339 614 403 διά
637 347 713 422 μιᾶς
735 339 886 424 γεφύρας
904 337 1157 425 βιαζομένοις

54 497 57 503 .
92 445 231 532 ἀθρόων
250 445 336 531 ὁρμὴ
355 447 482 528 γίνεται
500 455 568 510 τῶν
581 448 750 529 πολεμίων
765 441 815 510 ἐπ’
833 445 958 524 αὐτοὺς
972 447 1157 532 μεγάλη

92 551 210 635 ὀλίγον
236 573 272 616 τε
300 550 389 616 πάνυ
411 550 432 633 ἡ
456 553 552 628 πόλις
575 549 712 634 ἐδέησεν
736 550 862 617 ἁλῶναι
884 555 970 624 κατὰ
992 553 1144 640 κρότος

93 658 275 741 ἀτείχιστος
300 653 385 722 οὖσα
408 656 535 722 ἐκτῶν
557 658 647 742 παρὰ
669 658 729 722 τὸν
752 659 902 748 ποταμὸν
925 669 1057 744 μορῶν,
1082 657 1130 723 εί

57 785 69 826 5
93 762 330 830 συνεισέπεσον
357 765 405 839 είς
433 763 538 846 αὐτὴν
566 764 633 848 ἀμα
660 775 731 842 τοῖς
758 764 945 848 φεύγουσιν
973 765 1011 830 οί
1037 750 1149 832 Meo&

53 948 55 953 ¹
92 894 215 948 κοντες.
252 871 288 936 οί
308 865 347 935 δέ
366 871 428 953 την
447 869 554 956 όρμην
573 880 640 936 τῶν
658 873 828 955 πολεμίων
847 869 1042 956 ἐπισχόντες
1059 870 1108 939 καὶ

93 977 318 1053 διασώσαντες
339 975 421 1059 ὅλην
439 975 501 1059 την
520 977 679 1063 στρατιάν
696 986 786 1063 τρεῖς
803 977 924 1062 ἀνδρες
942 975 1109 1063 ἐγένοντο,

92 1086 242 1164 Σπόριος
264 1078 325 1166 μὲν
344 1083 492 1168 Λάρκιος
514 1079 569 1147 καὶ
591 1087 687 1160 Τίτος
705 1078 874 1169 Ἑρμίνιος
892 1084 927 1149 οί
943 1085 982 1149 τὸ
1002 1085 1113 1164 δεξιὸν

93 1192 225 1274 ἔχοντες
246 1188 345 1274 κέρας
368 1188 494 1254 ἐκτῶν
516 1187 767 1275 πρεσβυτέρων,
792 1192 942 1268 Πόπλιος
965 1188 998 1255 δ’
1021 1188 1115 1280 Ὀρύ-

59 1318 164 1373 ιοτιος
188 1295 205 1360 ὁ
228 1296 433 1379 καλούμενος
452 1298 584 1380 Κόκλης
607 1296 643 1362 ἐκ
660 1306 721 1362 τοῦ
739 1298 822 1362 κατὰ
839 1298 901 1380 την
919 1299 1002 1376 όιμιν
1021 1298 1117 1365 ἐλατ-

94 1402 259 1485 τώματος..
273 1398 421 1479 ἐκκοπεὶς
453 1400 490 1468 ἐν
522 1402 609 1488 μάχη
636 1403 697 1468 τὸν
724 1401 840 1488 ἕτερον
866 1402 1052 1488 ὀφθαλμὸν
1079 1405 1119 1473 έιι

94 1519 163 1574 τῶν
191 1505 379 1592 νεωτέρων,
411 1511 547 1594 μορφήν
573 1531 609 1574 τε
636 1508 810 1587 κάλλιστος
837 1509 1033 1595 ἀνθρώπων
1060 1509 1119 1579 καὶ

60 1615 207 1701 3ψυχὴν
240 1617 381 1701 ἀριστος.
428 1611 526 1693 οὗτος
558 1615 762 1699 ἀδελφιδοῦς
794 1613 855 1700 μὲν
886 1612 930 1700 ην
957 1613 1119 1702 Ὁρατίου

94 1723 239 1807 Μάρκου
266 1720 414 1807 θατέρου
441 1732 510 1787 τῶν
536 1721 687 1804 ὑπαίτιον,
718 1722 757 1786 τὸ
786 1718 823 1786 δὲ
850 1720 948 1806 γένος
969 1734 1121 1810 κατῆγεν

60 1850 85 1891 15
95 1825 154 1913 ἀφ’
182 1826 257 1905 ἑνὸς
285 1839 352 1893 τῶν
381 1828 553 1913 τριδύμων
576 1823 729 1913 Ὁρατίου
756 1827 901 1913 Μάρκου
929 1840 991 1896 τοῦ
1023 1836 1121 1918 νική«

96 1951 217 2012 σαντος
243 1937 323 2010 τοὺς
342 1932 524 2018 Ἀλβανοὺς
551 1936 748 2021 τριδύμους,
779 1935 833 2000 ὅτε
858 1933 935 2022 περὶ
957 1945 1017 2020 τῆς
1040 1938 1121 2023 ἡγε-

96 2042 214 2126 μονίας
242 2042 279 2105 αί
304 2043 417 2118 πόλεις
444 2042 490 2118 είς
517 2043 663 2126 πόλεμον
691 2050 893 2107 καταστᾶσαι
921 2041 1121 2129 συνέβησαν

96 2149 140 2232 μη
160 2149 281 2224 πόσαις
299 2146 583 2213 ἀποκινδυνεῦσαι
600 2158 672 2224 ταῖς
691 2147 885 2231 δυνάμεσιν,
905 2148 988 2214 ἀλλά
1003 2151 1121 2237 τρισὶν

96 2255 259 2341 ἀνδράσιν
278 2248 337 2338 ἀφ’
355 2252 518 2340 ἑκατέρας,
542 2254 587 2331 ὡς
605 2253 642 2319 ἐν
660 2264 730 2331 τοῖς
747 2254 922 2342 προτέροις
940 2257 1121 2342 δεδήλωκα

60 2331 217 2460 ᾗλόγοις.
256 2355 351 2426 οὗτοι
375 2361 416 2445 δη
440 2363 538 2445 μόνοι
560 2361 642 2426 κατά
664 2360 775 2425 νώτου
798 2363 956 2444 λαβόντες
977 2363 1045 2447 τὴν
1062 2364 1121 2448 γέ-

97 2492 211 2555 φυραν
245 2462 359 2553 εἶργον
391 2476 448 2551 τῆς
480 2467 664 2550 διαβάσεως
695 2469 774 2544 τοὺς
805 2470 984 2551 πολεμίους
1019 2469 1122 2556 μέχρι

96 2579 223 2641 πολλοῦ
255 2573 311 2640 καὶ
344 2571 498 2658 διέμενον
525 2570 579 2638 ἐπὶ
605 2582 663 2658 τῆς
691 2574 792 2658 αὐτῆς
819 2574 964 2652 στάσεοος
993 2578 1122 2659 βαλλό-

98 2683 197 2766 μενοί
214 2675 251 2745 θ’
267 2681 333 2746 ὑπὸ
352 2686 485 2746 πολλῶν
503 2681 729 2757 παντοδαποῖς
747 2679 858 2763 βέλεσι
875 2678 933 2745 καὶ
950 2680 987 2747 ἐκ
1004 2685 1123 2770 χειρὸς

97 2790 272 2871 παιόμενοι
299 2797 369 2863 τοῖς
397 2785 543 2871 ξίφεσιν,
572 2785 634 2863 ἕως
655 2787 767 2852 ἀπασα
789 2785 810 2869 ἡ
834 2789 971 2871 στρατιά
993 2788 1122 2873 διῆλθε

43 2889 88 2956 ἰε
97 2896 156 2960 τὸν
179 2895 338 2978 ποταμόν.

166 2999 305 3066 XXIIII.
330 2993 387 3076 Ὡς
410 2996 440 3064 δ’
463 2998 500 3064 ἐν
523 2999 668 3083 ἀσφαλεῖ
687 3001 766 3075 τοὺς
788 2996 971 3085 σφετέρους
993 2998 1157 3079 ἔδοξανθο

170 3156 291 3214 3πάλιν
309 3156 362 3210 ΑΒ
399 3154 476 3211 πάνο
496 3155 657 3224 c.Sy1burg
711 3155 796 3210 4τδν
815 3153 922 3210 add.B
978 3161 1013 3211 10
1034 3156 1124 3229 όκλης

97 3232 123 3285 Α
160 3229 283 3310 ὁκλῆςΒ
318 3299 323 3310 Ι
357 3234 389 3283 12
408 3227 568 3299 *μορφηΟ
605 3225 718 3316 μορφην
737 3242 790 3296 ego
806 3231 811 3296 Ι
827 3227 1005 3316 ἀνθρώπων]
1025 3227 1125 3311 ἀποίν-

98 3324 154 3358 των
177 3319 200 3357 ο.
220 3299 365 3369 K1esslmg
456 3305 489 3352 14
507 3297 538 3352 τὸ
562 3296 590 3351 δ’
608 3299 720 3367 εύγενες
740 3297 761 3352 0
798 3297 830 3352 τὸ
854 3295 886 3352 δὲ
910 3317 992 3368 γενος
1011 3299 1124 3357 Re1ske

135 3382 168 3429 21
188 3373 320 3442 ἀνεῖργον
344 3388 367 3426 ο.
390 3369 536 3494 Κὶοοελὶορ
611 3373 645 3423 22
670 3367 776 3440 βάσεως
799 3369 821 3424 0
845 3367 967 3432 στάσεως
990 3369 1123 3428 Sintenis

99 3445 159 3498 Em.
178 3443 261 3498 Βίου.
280 3442 306 3496 ΙΙ
322 3449 354 3499 18
427 3448 461 3496 23
481 3441 519 3495 ύπ
555 3441 695 3510 πολεμίων
714 3457 736 3495 ο.
756 3438 901 3510 KIessling
