2414 3840
529 186 694 234 ..Ῑςω

102 349 229 409 πολλοῦ
252 345 403 429 θάρσους
426 340 595 429 προῄεσαν
619 343 654 409 ἐκ
676 352 737 409 τοῦ
761 345 907 430 χάρακος
924 341 983 409 καὶ
1002 359 1079 430 συρρ

103 451 216 529 ξαντες
239 463 308 527 τοῖς
323 454 484 534 Σαβίνοις
503 450 665 535 ἐμάχοντο
683 455 949 528 πολλαπλασίοις
968 451 1079 517 ἐλάττο

103 558 139 623 ἐν
166 565 212 645 τῷ
239 562 382 642 θαρρεῖν
405 560 442 623 τὸ
465 559 584 622 πιστὸν
607 560 751 641 ἔχοντες·
784 557 840 622 καλ
862 557 884 640 ἡ
908 558 1064 645 ἐμπειρία

103 668 167 729 σὺν
189 673 236 751 τῷ
259 666 433 751 φιλοπόνῳ
456 665 562 748 πολλὴ
587 664 700 740 αὐτοῖς
722 672 877 750 παροῦσα
900 665 1079 742 παντὸςέπ

65 749 177 862 {reto
202 772 317 836 δεινοῦ
339 782 573 854 καταφρονεῖν.
620 782 750 855 πρῶτος
773 768 835 853 μὲν
859 765 923 836 οὖν
948 772 967 837 ὁ
992 777 1079 838 Ποστ

101 901 176 962 μιος
202 879 240 943 τὸ
267 874 447 961 εὐώνυμον
466 879 551 960 ἔχων
574 876 672 963 κέρας
695 877 931 943 ἀναλύσασθαι
955 880 1019 962 τὴν
1041 900 1079 964 πρ

101 985 201 1070 τέραν
228 981 330 1069 ἧτταν
357 985 640 1068 προθυμούμενος
662 985 699 1048 τὸ
724 983 836 1062 δεξιὸν
858 996 927 1049 τῶν
951 988 1079 1070 πολεμίι

101 1091 223 1169 ἐξωθεῖ
252 1091 350 1178 κέρας
381 1092 545 1176 πρόνοιαν
577 1091 738 1174 οὐδεμίαν
769 1100 827 1174 τῆς
860 1089 984 1156 ἑαυτοῦ
1013 1102 1079 1178 ύνχ

100 1200 190 1282 παρὰ
216 1199 254 1262 τὸ
282 1206 380 1262 νικᾶν
407 1198 623 1283 ποιούμενος,
651 1194 722 1261 ἀλλ’
745 1197 856 1282 ὥσπερ
881 1186 918 1262 ολ
938 1202 1079 1283 μεμηνότ

62 1323 88 1363 ιο
101 1303 157 1370 καὶ
193 1310 406 1380 θανατῶντες
438 1305 485 1380 είς
517 1303 639 1387 μέσους
670 1307 749 1380 τοὺς
780 1307 963 1390 πολεμίους
994 1306 1079 1392 ῥιπτι

102 1410 234 1476 ἑαυτόν·
268 1413 378 1475 ἔπειτα
400 1408 455 1475 καὶ
479 1411 514 1475 οί
530 1413 595 1476 σὺν
612 1419 658 1500 τῷ
677 1415 840 1499 Μενηνίῳ
859 1412 1008 1499 θάτερον
1029 1415 1079 1498 ἕχο

100 1542 153 1595 τες
171 1516 269 1604 κέρας
287 1517 469 1602 κάμνοντες
486 1519 551 1601 ἤδη
571 1516 626 1582 καὶ
645 1516 874 1602 ἐξωθούμενοι
889 1528 949 1602 τῆς
963 1520 1079 1586 στάσεα

101 1626 146 1703 ὡς
169 1628 309 1711 ἔμαθον,
334 1625 385 1689 ὅτι
407 1635 526 1689 νικῶσι
548 1627 627 1702 τοὺς
649 1627 732 1690 κατὰ
755 1635 843 1709 σφᾶς
862 1626 898 1690 oc
912 1635 975 1690 τοῦ
989 1631 1079 1693 Ποστ

100 1737 191 1819 μίον,
213 1735 445 1819 θαρρήσαντες
467 1733 515 1808 είς
538 1731 701 1797 ἀντίπαλα
724 1728 886 1817 χωροῦσι·
911 1730 969 1797 καλ
991 1736 1079 1815 χίνετ

61 1855 87 1896 1⁵
100 1851 167 1905 τῶν
199 1841 348 1925 κεράτων
381 1836 579 1923 ἀμφοτέρων
606 1849 676 1915 τοῖς
703 1841 866 1922 Σαβίνοις
894 1839 1079 1905 ἐκκλινάντι

64 1946 205 2034 5τροπη
238 1948 408 2029 παντελής.
456 1942 536 2010 οὐδὲ
568 1947 631 2030 γάρ
665 1947 700 2010 οί
724 1945 761 2010 ἐν
789 1944 873 2031 μέση
901 1955 941 2030 τῇ
972 1947 1079 2030 φάλαχ

98 2054 279 2140 ταχθέντες
298 2051 512 2136 ἐψιλωμένων
530 2061 598 2117 τῶν
617 2053 729 2137 άκρων
746 2055 794 2119 ἔτι
807 2052 1025 2139 παρέμειναν,
1044 2054 1079 2120 άλ

99 2163 164 2228 ὑπὸ
187 2169 246 2244 τῆς
268 2160 371 2224 ἵππου
393 2168 451 2242 τῆς
470 2155 650 2243 Ῥωμαικῆς
673 2157 915 2242 ἐξελαυνούσης
936 2162 1021 2226 κατὰ
1041 2159 1079 2229 τέ

100 2267 297 2354 βιασθέντες
320 2267 557 2350 ἀνεστάλησαν.
595 2275 705 2348 φυχῆς
725 2261 762 2330 δὲ
779 2266 916 2332 πάντων
934 2266 1079 2353 χενομέν

59 2392 86 2432 2⁰
100 2374 153 2442 ἐπὶ
189 2378 267 2452 τοὺς
303 2374 448 2460 χάρακας
484 2373 776 2456 ἀκολουθήσαντες
811 2373 847 2437 οί
873 2369 1031 2459 Ῥωμαῖοι
1061 2397 1079 2439 ιι

100 2484 373 2559 συνεισπεσόντες
396 2481 568 2565 ἀμφότερα
590 2478 820 2563 λαμβάνουσιν
843 2479 956 2545 αὐτῶν
979 2483 1020 2546 τὰ
1043 2481 1078 2568 ἐρ

100 2613 193 2674 ματα.
229 2598 290 2654 τοῦ
314 2585 351 2654 δὲ
375 2588 418 2672 μὴ
441 2585 588 2653 πανσυδὶ
611 2587 670 2651 τὸν
693 2597 760 2651 τῶν
779 2590 950 2672 πολεμίων
969 2589 1079 2673 διαφθ

100 2704 198 2779 ρῆναι
236 2697 377 2782 στρατὸν
409 2695 430 2776 ἥ
462 2718 497 2760 τε
533 2692 595 2772 νὺξ
632 2695 720 2758 αίτία
752 2691 884 2776 ἐγένετο
917 2694 974 2759 καλ
1004 2697 1043 2760 τὸ

100 2803 205 2889 οίκείρι
236 2810 278 2886 χῇ
308 2802 345 2866 τὸ
373 2801 483 2878 πάθος
511 2801 624 2877 αὐτοῖς
652 2803 831 2884 συμβῆναι·
879 2800 965 2887 ῥᾷον
992 2804 1056 2888 γάρ

171 3036 186 3083 2
205 3033 421 3094 πολλαπλασίως
439 3029 492 3082 ΑΒ
528 3034 619 3102 πολλῷ
633 3031 760 3084 πλείοσιν
775 3028 905 3084 Schnelle
922 3030 1018 3086 Exere.
1038 3049 1065 3100 p.

99 3110 115 3158 4
131 3101 294 3173 παροῦσαΟ
318 3110 455 3173 περιοῦσα
469 3118 491 3155 c.
508 3101 632 3155 Sintenis
646 3100 707 3155 Em.
721 3099 803 3155 Dion.
814 3100 841 3153 11
852 3106 885 3155 15
902 3104 907 3171 Ι
924 3097 1044 3172 ἐπήγετο
1058 3105 1079 3157 δι

99 3176 162 3301 W?
184 3170 338 3298 ³⁷²³³⁹⁶03⁰¹³
353 3176 454 3299 35:²²⁰}
473 3173 635 3299 λτλλέλλ
653 3171 819 3298 ἓλίέῗὸλ
836 3172 926 3298 ξολλ
940 3173 1007 3301 Οέλ·
1029 3181 1076 3299 ι1

99 3255 372 3386 ἐλούῗέῗυῗίοέοεεῗίιος
456 3265 708 3387 1λλὶύαρσήσαντες
725 3314 777 3368 ΑΒ
822 3286 827 3298 .
856 3286 904 3371 ⁵12⁷»
924 3265 1079 3372 ἐκκωνάύττέ

98 3390 150 3443 ΑΒ
188 3385 376 3459 ἐγκλινάντων
394 3389 419 3441 R
437 3388 513 3457 quod
533 3388 588 3441 def.
606 3385 737 3441 Hertlein
793 3394 825 3442 17
846 3385 888 3442 ἐτι
906 3397 962 3443 τῶν
982 3389 1005 3445 Ο
1024 3391 1079 3442 tm

97 3460 194 3530 posuit
213 3459 336 3515 Sintenis
355 3460 415 3516 Em.
436 3458 517 3515 Dion.
532 3459 558 3512 II
574 3465 606 3514 15
