2414 3840
330 181 494 230 -Ε-
858 179 921 244 177

42 341 59 406 δ
89 349 152 406 τοῦ
174 344 275 424 λιμοῦ
305 339 343 405 οί
371 340 487 422 ἐνδον,
525 339 809 426 ἐπεκηρυκεύσατο
839 342 923 429 πρὸς

54 445 236 513 ἐπιτάττων
263 444 421 532 δέχεσθαι
453 448 656 531 Ταρκύνιον,
685 449 717 513 εί
741 449 922 532 βούλονται

42 577 52 616 ι
73 577 110 618 τε
132 551 188 618 καὶ
210 559 310 637 λιμοῦ
333 551 553 637 ἀπηλλάχθαι.

42 658 109 725 VH.
142 659 214 725 Οὐκ
245 658 484 744 ἀνασχομένων
514 656 552 725 δὲ
577 670 645 725 τῶν
667 656 838 746 Ῥωμαίων
865 664 923 740 τὰς

41 789 70 848 ς,
93 764 178 831 ἀλλὰ
197 767 306 831 πάντα
323 767 364 830 τὰ
382 766 478 830 δεινὰ
495 764 675 849 ὑπομένειν
694 768 920 853 βουλομένων,
935 783 949 824 ⁶

42 871 109 937 θὼν
136 872 155 937 ὁ
178 873 347 955 Μούκιος,
375 871 427 936 ότι
455 873 550 937 δυεῖν
577 871 690 949 αὐτοῖς
718 877 921 958 συμβήσεται

42 1002 51 1036 ι
78 977 99 1061 ἢ
128 979 171 1062 μή
201 978 368 1061 διαμεῖναι
390 979 498 1043 πολὺν
521 977 559 1043 ἐν
572 973 652 1054 ’τοϊς
674 977 921 1063 λελογισμένοις

51 1085 118 1150 ὑπὸ
140 1092 198 1167 τής
221 1083 361 1170 άπορίας
382 1094 451 1148 τῶν
471 1083 662 1167 ἀναγκαίων
680 1082 920 1168 ἐκβιασθεῖσιν,

42 1207 156 1256 ττουσι
179 1193 315 1274 βεβαίας
336 1191 395 1267 τὰς
417 1193 543 1276 κρίσεις
564 1191 625 1255 τὸν
649 1195 817 1256 οἴκτιστον
840 1191 920 1258 άπο-

46 1300 164 1383 μόρον,
188 1295 324 1381 δεηθεὶς
345 1308 413 1361 τῶν
436 1297 573 1362 ὑπάτων
594 1298 657 1382 τήν
680 1298 808 1381 βουλήν
832 1298 921 1388 αὐτῷ
937 1318 962 1357 10

42 1414 123 1487 γείν,
152 1403 197 1480 ὡς
224 1402 307 1488 μέγα
333 1426 366 1468 τι
387 1401 444 1468 καὶ
472 1403 653 1487 ἀναγκαῖον
677 1402 816 1483 ἐξοίσων
838 1406 922 1493 πρὸς

42 1509 155 1594 ἐπειδή
175 1513 341 1596 συνήχθη,
360 1508 448 1594 λέγει
466 1511 591 1576 τοιάδε·
614 1510 755 1597 Ἄνδρες
772 1510 920 1597 πατέρες,

42 1641 83 1700 μα
100 1623 227 1701 τολμᾶν
246 1618 498 1701 διανοούμενος,
520 1612 582 1701 ὑφ’
600 1613 642 1682 οὗ
660 1628 727 1681 τῶν
745 1620 922 1702 παρόντων

42 1725 172 1806 γήσεται
204 1734 315 1789 κακῶν
346 1724 367 1807 ή
400 1727 510 1806 πόλις,
543 1732 589 1811 τῷ
621 1720 684 1807 μέν
715 1725 802 1810 ἔργω
832 1724 921 1790 πάνυ

55 1829 111 1895 καὶ
138 1830 263 1918 ῥᾳδίως
291 1831 395 1897 αὐτοῦ
422 1833 600 1915 κρατήσειν
623 1835 749 1914 οἴομαι·
785 1828 862 1916 περὶ
884 1826 922 1896 δέ
936 1847 962 1888 1⁶

42 1945 135 2003 ιυτοῦ
162 1945 284 2022 ψυχῆς,
312 1939 344 2004 εί
370 1935 537 2023 περιέσται
565 1960 622 2021 μοι
645 1937 725 2021 μετὰ
747 1938 785 2002 τὸ
808 1939 920 2022 ἔργον,

42 2044 94 2120 λδς
117 2043 253 2121 ἐλπίδας
275 2047 350 2127 ἔχω,
375 2049 502 2128 μᾶλλον
526 2042 557 2108 δ’
580 2045 611 2108 εί
626 2045 689 2129 χρή
708 2039 852 2126 τάληθὲς
869 2042 921 2108 λέ-

42 2149 184 2234 όδεμίαν.
231 2152 278 2228 είς
312 2159 476 2216 τοσοῦτον
509 2152 550 2236 δή
582 2151 745 2215 κίνδυνον
777 2149 956 2233 ἐμαυτὸν2

42 2279 61 2319 ιι
84 2253 214 2339 μέλλων
238 2255 300 2321 οὐκ
323 2254 403 2333 ἀξιῶ
427 2259 548 2320 λαθεῖν
570 2257 718 2332 ἅπαντας
740 2253 922 2340 αἰωρηθεὶς

42 2361 190 2447 εγάλων,
222 2362 281 2428 ἐάν
314 2364 378 2448 άρα
410 2364 519 2447 συμβή
550 2386 606 2446 μοι
640 2363 834 2446 διαμαρτεῖν
864 2371 963 2446 τήρει

49 2465 121 2533 ἀλλ’
139 2468 193 2534 ἐπὶ
210 2474 324 2546 καλοῖς
342 2472 453 2554 ἐργοις
471 2469 623 2553 μεγάλων
642 2468 788 2534 ἐπαίνων
802 2470 922 2554 τυγχά-

60 2571 108 2640 ὧν
123 2574 197 2641 άντὶ
211 2584 272 2641 τοῦ
285 2582 417 2659 θνητοῦ
430 2576 582 2661 σώματος
596 2575 768 2640 ἀθάνατον
784 2575 920 2662 ὑπάρξει

42 2680 86 2758 ος.
134 2682 227 2770 δήμω
251 2679 312 2766 μέν
336 2682 473 2767 φράζειν
497 2681 517 2746 ἃ
541 2684 741 2767 διανοοῦμαι
763 2685 955 2769 πράττειν3

42 2785 151 2871 μαλές,
178 2790 222 2873 μή
245 2810 295 2864 τις
318 2789 388 2852 ίδια
410 2787 511 2873 κέρδη
535 2792 816 2874 περιβαλλόμενος
837 2792 921 2877 πρὸς

42 2896 200 2979 ὀλεμίους
232 2894 315 2960 αὐτὰ
347 2893 515 2981 ἐξενέγκη,
553 2894 632 2961 δέον
664 2896 777 2975 αὐτοῖς
808 2898 918 2984 ὥσπερ
933 2915 959 2957 2⁵

42 3004 90 3067 ίου
115 3000 305 3087 ἀπορρήτου
328 3007 491 3086 φυλακῆς·
528 3003 609 3087 ὑμῖν
627 3000 663 3067 ’δ’
687 3003 745 3081 οὓς
767 3003 921 3083 καθέξειν

59 3229 167 3284 add.B
226 3236 316 3285 4τῶν
337 3230 400 3284 εδδ.
419 3230 461 3291 Β,
501 3229 758 3304 θοέκ<τι>στονΒ
814 3237 847 3285 10
865 3237 920 3282 τῶν

121 3307 154 3354 14
173 3301 204 3355 τδ
223 3299 274 3371 μἐν
295 3300 376 3372 ἐργον
395 3319 417 3357 α.
437 3300 568 3357 Herblein
585 3301 702 3356 Hermes
721 3304 747 3358 X
760 3308 814 3357 414
888 3301 919 3350 17

43 3373 89 3426 Ba
116 3370 239 3440 τάληθὲς
252 3373 299 3426 Bb
360 3380 391 3428 21
409 3372 549 3445 μεγάλων]
565 3374 696 3428 καλῶνΒ
750 3366 920 3438 ἐνυπάρχει

56 3441 108 3514 μὲν
127 3439 178 3498 οὖν
198 3460 220 3498 c.
240 3443 343 3498 Reiske

42 3554 57 3585 ε.
72 3544 138 3584 Hm.
152 3543 183 3583 H.
204 3554 243 3584 nn.
257 3544 359 3584 ῦεαοεεῑ.
727 3535 759 3582 12
