2414 3840
132 189 198 253 370
560 188 824 240 -§-.

96 348 248 434 ὅθίροις
271 347 304 426 ἐξ
324 353 400 413 ίσου
417 348 482 430 ἡδη
501 347 659 431 ἄρχονται
678 344 816 430 ὁμιλεῖν.
852 349 888 411 τί
904 342 966 413 οὐν
985 349 1035 412 ἔτι
1053 371 1146 414 κατα-

132 456 301 540 πέπληχθε
321 455 444 530 αὐτοὺς
461 450 518 519 καὶ
536 461 690 535 σιωπᾶτε,
709 449 781 517 ἀλλ’
804 453 865 518 οὐκ
885 453 1049 540 ἐλεύθερα
1066 479 1147 547 φρο-

133 572 219 628 νεῖτε
243 559 298 625 καὶ
322 558 558 645 διαρρήξαντες
579 559 645 642 ἡδη
669 555 747 624 ποτὲ
765 561 845 635 τοὺς
862 562 1022 644 χαλινοὺς
1042 559 1147 643 λέγετε

134 670 181 744 είς
206 669 399 750 τὸκοινόν,
426 665 447 730 ά
470 667 661 730 πεπόνθατε
683 666 766 748 πρὸς
789 665 914 744 αὐτών;
944 662 970 731 ώ
995 664 1148 750 σχέτλιοι,

105 779 168 838 στί
189 773 374 850 δεδοίκατε;
399 775 444 855 μη
466 794 498 835 τι
520 770 649 854 πάθητε
671 770 811 854 ἡγεμόνι
832 779 891 855 τὴς
913 770 1147 857 ἑλευθεροστο·

133 882 210 964 μίας
229 877 302 964 ἐμοὶ
320 878 499 964 χρώμενοι;
522 876 732 941 κινδυνεύσω
751 877 814 959 γάρ
834 872 917 961 ὑπὲρ
935 877 1032 961 ὑμῶν
1046 880 1148 943 εἰπεῖν

133 988 173 1051 τά
197 987 308 1050 δίκαια
331 984 412 1067 μετά
434 986 621 1067 παρρησίας
644 982 708 1064 ἐγώ
731 983 814 1067 πρὸς
832 982 955 1060 αὐτοὺς
972 981 1028 1048 καὶ
1050 980 1148 1049 οὐδέν

134 1091 376 1176 ἀποκρύψομαι.
408 1086 464 1154 καὶ
483 1087 595 1172 ἐπειδὴ
612 1086 795 1174 Οὐαλέριος
809 1087 910 1155 οὐδὲν
924 1091 1052 1174 ἔφησεν
1066 1086 1148 1156 εἶναι

133 1200 170 1262 τὸ
194 1202 325 1263 κωλῦον
348 1192 569 1278 ἀναστρέφειν
590 1194 676 1279 ὑμᾶς
695 1193 748 1260 ἐπὶ
767 1196 807 1259 τά
826 1197 931 1260 οἰκεῖα
949 1204 1009 1278 τῆς
1027 1199 1149 1280 βουλῆς

94 1322 120 1362 10
137 1304 297 1385 διδούσης
327 1302 389 1384 τὴν
420 1300 572 1364 κάθοδον
603 1298 659 1364 καὶ
690 1300 1009 1386 προσεψηφισμένης
1037 1305 1077 1368 τὸ
1107 1304 1146 1388 μὴ

134 1417 367 1491 μνησικακεῖν,
397 1402 490 1471 ταῦτ’
522 1404 768 1491 ἀποκρινοῦμαι
799 1409 882 1492 πρὸς
915 1408 1036 1492 αὐτόν,
1069 1410 1146 1492 άπερ

134 1512 225 1580 ἐστὶν
249 1513 359 1598 ἀληθῆ
382 1510 438 1578 καὶ
461 1512 625 1596 ἀναγκαία
648 1514 814 1598 είρὴσθαι.

200 1620 348 1686 LXXIII.
376 1615 496 1704 Ἡμᾶς,
520 1615 546 1684 ώ
571 1617 750 1706 Οὐαλέριε,
772 1622 879 1686 πολλά
902 1618 965 1704 μὲν
988 1619 1046 1687 καὶ
1069 1624 1147 1687 ἀλλα

134 1729 174 1792 τά
197 1727 369 1792 κωλύοντά
392 1726 482 1792 ἐστιν
505 1724 736 1810 ἀποθεμένους
759 1728 799 1791 τά
817 1727 902 1792 ὅπλα
921 1723 974 1812 ἐφ’
997 1727 1081 1812 ὐμίν
1098 1737 1197 1812 γε-ινοί

94 1851 120 1892 15
137 1831 267 1916 νέσθαι,
288 1835 365 1916 τρία
389 1829 426 1896 δὲ
449 1832 489 1896 τά
512 1829 648 1914 μέγιστα
669 1831 724 1898 καὶ
742 1834 783 1898 τά
801 1834 1028 1918 φανερώτατα.
1064 1846 1147 1919 πρώ-

134 1963 193 2005 τον
217 1937 294 2023 μέν,
325 1938 375 2003 ὅτι
399 1936 615 2019 ἐγκαλοῦντες
636 1937 717 2022 ἡμῖν
740 1940 785 2016 ώς
807 1940 1035 2026 ἡμαρτηκόσιν
1058 1941 1147 2024 ἡκετε

134 2044 189 2110 καί
218 2046 256 2111 ἐν
279 2044 468 2130 εὐεργεσίας
492 2049 605 2109 οίεσθε
629 2043 722 2130 μέρει
745 2047 877 2112 διδόναι
899 2047 961 2129 τὴυ
983 2047 1145 2113 κάθοδον·

134 2145 257 2233 ἔπειθ’,
284 2150 335 2214 ότι
363 2145 464 2215 οὐδὲν
491 2149 699 2233 ὑποδηλοῦτε
723 2157 994 2237 παρακαλοῦντες
1017 2152 1072 2219 ἐπὶ
1093 2155 1147 2229 τάς

135 2256 330 2339 διαλλαγάς,
359 2250 412 2339 ἐφ’
435 2248 484 2333 οἷς
512 2256 613 2332 αὐτάς
642 2258 783 2333 δικαίοις
811 2255 866 2323 καί
894 2261 1147 2346 φιλανθρώποις

96 2383 122 2422 20
135 2365 358 2448 ποιησόμεθα·
395 2364 433 2427 τὸ
458 2363 495 2427 δὲ
517 2367 724 2446 τελευταῖον,
748 2364 799 2428 ὅτι
821 2362 959 2448 βέβαιον
981 2365 1080 2451 ἡμῖν,
1103 2360 1146 2431 ών

135 2469 177 2535 ἀν
200 2469 407 2552 ὑπόσχησθε,
430 2467 531 2533 οὐδέν
554 2468 657 2552 ἐστιν,
679 2469 763 2534 άλλδι
785 2471 944 2547 πολλάκις
964 2469 1146 2549 ἐξαπατών-

98 2580 186 2653 2τες
213 2599 248 2640 τε
275 2571 329 2640 καὶ
358 2578 588 2657 φενακίζοντες
615 2576 699 2659 ἡμᾶς
728 2575 977 2648 διατετελέκατε.
1025 2578 1090 2664 ἐρῶ
1115 2572 1142 2642 δ’

134 2678 216 2767 ὑπὲρ
245 2680 383 2746 ἑκάστου
411 2679 511 2766 χωρὶς
539 2682 601 2747 άπὸ
625 2690 686 2746 τοῦ
710 2683 842 2747 δικαίου
866 2681 1063 2767 ἀρξάμενος·
1095 2681 1146 2748 καί

134 2789 199 2871 γάρ
223 2789 292 2872 ίδίηι
312 2787 389 2869 <τε>
413 2785 468 2852 καὶ
491 2788 528 2851 ἐν
551 2795 653 2874 κοινῷ
677 2786 834 2870 λέγοντας
853 2787 916 2852 ἀπὸ
934 2797 997 2854 τοῦ
1017 2791 1145 2855 δικαίου

92 2913 120 2956 τε
133 2893 196 2978 χρὴ
220 2895 389 2976 ἄρχεσθαι.
427 2892 521 2976 ἡμεῖς
538 2896 656 2958 τοίνυν
675 2895 707 2958 εί
723 2892 784 2978 μέν
801 2918 834 2959 τι
852 2894 1037 2980 ἀδικοῦμεν
1054 2896 1145 2981 ὑμᾶς,

135 2996 236 3066 οὐδὲν
260 3001 407 3083 δεόμεθα
431 2996 500 3066 οὐτ’
524 3000 636 3077 ἀδείας
659 2998 729 3065 οὐτ’
753 3000 948 3085 ἀμνηστίας·
980 3007 1090 3070 καίτοι
1111 3026 1144 3087 γε

207 3236 222 3284 5
242 3227 279 3299 μὴ
298 3226 410 3296 πάθητε
429 3229 452 3281 Β
508 3234 539 3282 11
559 3229 749 3299 ἀποκρίνομαι
766 3230 819 3283 AB
856 3230 1068 3302 ἀποκρινοῦμαι
1086 3231 1143 3300 syl-

133 3301 207 3368 burg
271 3304 303 3352 16
323 3299 358 3354 τδι
377 3300 563 3368 φανερώτατα
582 3299 631 3354 BC
668 3299 703 3354 τά
722 3303 819 3356 0111.ss
882 3307 914 3355 19
933 3300 1025 3356 καὶΟ
1060 3300 1141 3372 III!

134 3370 183 3424 καὶ
211 3371 426 3441 φιλανθρώποις
453 3370 507 3424 del.
531 3370 679 3424 Baumann
707 3370 772 3426 Obs.
801 3388 888 3440 gram.
913 3389 941 3440 p.
961 3378 1010 3443 41,
1040 3374 1090 3429 sed
1111 3372 1142 3426 cf.

118 3460 150 3513 p.
168 3447 231 3513 386,
248 3448 283 3499 20
359 3449 393 3500 23
413 3440 512 3519 <ἀ>πδ
530 3441 554 3495 Β
625 3449 661 3496 24
678 3461 708 3496 τε
727 3443 791 3497 add.
811 3443 933 3512 Sylburg
