2400 3848
401 197 565 246 ..Ε-

40 344 51 370 ’
70 352 239 432 ἀξιοῦντες
258 354 279 420 δ
297 352 475 422 κατέλιπον
494 355 607 432 αὐτοῖς
625 356 661 421 oc
676 354 814 440 πατέρες
826 353 881 421 καὶ
897 354 992 421 αὐτοὶ

39 466 215 546 εργοῦντες
242 460 297 528 καὶ
320 465 505 548 σωφρόνως
530 466 646 541 ζῶντες
668 462 847 547 ἐκτήσαντο
871 464 992 548 δημεύ-

39 591 77 632 αι
100 577 171 645 τοῖς
192 569 433 654 πονηροτάτοις
455 566 511 634 καὶ
534 568 729 655 ἀργοτάτοις
750 578 819 635 τῶν
837 574 991 634 πολιτῶν.

39 678 100 758 λής
128 669 160 739 δ’
187 669 274 740 εἶναι
303 677 429 761 μωρίας
456 678 557 763 ἔργον
583 684 629 765 τῷ
657 678 784 761 χείρονι
812 673 904 762 μέρει
931 686 991 759 τοῦ

41 781 216 866 ιτεύματος
242 785 437 867 χαρίζεσθαι
463 783 690 867 βουλομένους
716 791 777 848 τοῦ
804 784 1018 868 κρείττουοςτ

38 896 146 973 ροράν
168 885 224 953 καὶ
245 899 315 965 τοῖς
338 888 553 965 ἀδικωτάτοις
571 898 639 953 τῶν
656 893 801 954 πολιτῶν
819 891 876 966 τάς
894 889 991 955 ἀλλο-

39 1016 69 1071 ις
92 995 300 1079 δημεύοντας
323 995 440 1072 οὐσίας
461 1005 530 1059 τῶν
554 995 689 1071 δικαίως
712 995 814 1072 αὐτάς
831 994 992 1080 κτησαμέ-

39 1121 46 1148 ’
75 1099 305 1185 ἀφαιρεῖσθαι.
352 1101 579 1186 ἐνθυμεῖσθαί
597 1094 629 1165 τ’
656 1100 778 1179 αὐτοὺς
800 1100 911 1185 ήξίου,
940 1103 1026 1173 δτι3

60 1205 126 1272 ὐπὸ
150 1217 218 1271 τῶν
241 1209 393 1290 πενήτων
416 1205 472 1272 καὶ
496 1207 656 1291 οὐδεμίαν
676 1209 773 1293 ίσχύν
792 1206 937 1293 ἐχόντων
956 1210 994 1274 αί

40 1334 88 1390 εις
122 1313 326 1379 ἀπόλλυνται
357 1317 398 1379 τά
430 1316 541 1380 δίκαια
567 1325 676 1381 ποιεῖν
704 1313 990 1400 ἀναγκαζομένων,
1006 1339 1032 1378 10

39 1412 47 1438 '
70 1419 136 1485 ὑπὸ
165 1430 233 1485 τῶν
260 1420 414 1507 εὐπόρων
436 1420 493 1487 καὶ
515 1423 555 1486 τά
578 1423 729 1487 πολιτικά
751 1423 908 1509 πράττειν
931 1424 989 1488 δυ-

39 1523 141 1609 έυωυ,
166 1526 247 1591 ὅταν
269 1525 334 1591 ὑπὸ
357 1537 425 1592 τῶν
448 1531 611 1612 χειρόνων
633 1527 832 1614 ὑβρίζωνται
849 1527 905 1593 καὶ
923 1521 991 1594 τῶύ

39 1634 116 1698 κίων
147 1633 191 1716 μή
221 1633 439 1717 τυγχάνωσιν.
485 1635 516 1699 εί
545 1630 581 1699 δὲ
611 1630 716 1717 μηδὲν
748 1633 991 1717 ἀγανακτήσειν

39 1741 129 1804 λοιεν
159 1741 194 1803 οί
218 1750 286 1804 τῶν
314 1742 528 1824 συμβολαίων
552 1739 849 1825 ἀποστερούμενοι,
877 1737 991 1827 πράως

40 1868 111 1924 πως
139 1845 194 1912 καὶ
223 1846 384 1933 ῥᾳθύμως
413 1852 518 1912 οίσειν
540 1847 598 1923 τάς
621 1846 760 1930 βλάβας,
789 1839 863 1911 οὐδ’
885 1847 991 1924 οὕτως
1006 1867 1031 1908 ιτ

72 1958 182 2029 καλῶς
214 1951 300 2030 ἕξειν
332 1955 450 2037 σφίσιν
478 1948 552 2017 οὐδ’
580 1952 737 2037 ἀσφαλῶς
764 1953 894 2037 δωρεάν
921 1964 991 2030 τοῖς

39 2076 95 2143 ησι
124 2062 318 2145 χαρίζεσθαι
347 2058 521 2141 τοιαύτην,
554 2053 599 2122 δι’
625 2059 668 2141 ἣν
696 2057 943 2136 ἀσυνάλλακτος
971 2059 990 2125 δ

39 2169 88 2243 νὸς
117 2169 209 2230 ἔσται
237 2167 309 2249 βίος
331 2163 386 2230 καὶ
409 2164 610 2249 μισάλληλος
632 2162 687 2229 καὶ
709 2175 777 2229 τῶν
800 2163 991 2250 ἀναγκαίων

39 2283 112 2356 ιῶν,
142 2268 190 2338 ὧν
217 2269 317 2357 χωρίς
345 2271 406 2337 οὐκ
433 2273 562 2336 ἔνεστιν
590 2272 756 2337 οἰκεῖσθαι
782 2272 841 2347 τάς
867 2276 989 2357 πόλεις,

39 2382 103 2463 εής,
129 2378 205 2443 οὐτε
228 2379 290 2461 τήν
313 2377 426 2462 χώραν
450 2379 655 2461 σπειρόντων
678 2378 726 2441 ἔτι
749 2373 804 2440 καὶ
827 2381 989 2459 φυτευόυ-
1004 2398 1031 2438 εο

39 2507 42 2525 ’
72 2497 141 2550 τῶν
165 2496 337 2569 γεωργῶν,
367 2484 443 2549 οὐτε
466 2484 528 2567 τήν
551 2482 720 2548 θάλατταν
743 2485 913 2548 πλεόντων
935 2483 991 2550 καὶ

39 2590 252 2676 αειβομένων.
269 2592 327 2667 τάς
353 2592 566 2666 διαποντίους
589 2589 712 2675 ἀγοράς
734 2600 802 2655 τῶν
825 2589 991 2677 ἐμπόρων,

39 2721 52 2762 ε
90 2700 196 2782 ἀλλην
229 2697 388 2782 ἐργασίαν
420 2698 581 2780 οὐδεμίαν
613 2697 747 2762 δικαίαν
778 2698 990 2782 ποιουμένων

39 2827 42 2847 ’
71 2806 232 2887 πενήτων.
279 2804 326 2880 είς
353 2804 482 2868 ἅπαντα
509 2804 573 2889 γὰρ
601 2812 704 2868 ταῦτα
726 2814 796 2880 τοῖς
819 2804 1026 2890 δεομένοις4

39 2920 131 2997 ιρμής
168 2910 291 2976 οὐδένα
328 2920 395 2975 τῶν
432 2909 586 2995 εὐπόρων
617 2910 657 2974 τά
690 2908 810 2975 ἑαυτοῦ
842 2915 991 2997 χρήματα
1005 2929 1031 2970 25

40 3023 199 3103 ήσεσθαι·
224 3016 259 3082 ἐκ
278 3013 314 3081 δὲ
333 3017 462 3081 τούτων
481 3017 718 3100 φθονήσεσθαι
737 3012 798 3101 μὲν
818 3017 989 3103 εὐπορίαν,

39 3125 272 3206 αλυθήσεσθαι
292 3120 328 3188 δὲ
348 3125 534 3208 φιλεργίαν,
553 3125 688 3207 κρείττω
709 3119 746 3188 δὲ
765 3135 885 3208 μοῖραν
904 3123 989 3202 ἕξειν

50 3393 64 3441 1
84 3387 138 3440 οὐκ
157 3386 302 3452 ἀξιοῦντες
321 3385 343 3439 Ο
388 3383 450 3440 οὐδ’
466 3386 509 3451 ἀξ.
528 3384 672 3454 Kiessling
758 3391 792 3439 10
810 3384 915 3455 ποιεῖν]
934 3402 989 3436 πα-

39 3475 86 3513 ιο.
104 3456 249 3525 Kiessling
323 3462 355 3509 13
376 3455 403 3511 εί
419 3455 450 3512 δὲ
469 3457 518 3511 καὶ
537 3455 640 3510 Reiske
