2400 3848
542 186 707 235 ..Ε-

117 347 202 413 αὐτά
229 348 428 412 πεπίστευκα
455 344 621 431 ἐγκρατῶς
642 346 786 431 πρώτοις
807 335 842 411 τε
864 343 921 411 καὶ
943 347 1064 431 μόνοις
1087 343 1142 411 ἐκ·

119 453 225 540 φέρω·
261 446 339 537 παρ’
360 451 454 536 ὑμῶν
483 448 513 516 δ’
537 452 572 516 οί
596 452 692 517 άλλοι
717 456 850 518 πολῖται
876 451 914 517 ἐν
940 459 987 539 τῷ
1010 455 1141 538 προσή-

82 564 212 627 4κοντι
234 566 339 645 καιρῷ
358 560 577 642 μαθήσονται.
609 559 647 622 τδ
669 552 699 622 δ’
721 557 899 643 ἐγχείρημά
917 582 983 643 μου
1000 560 1191 627 τοιόνδεθοῖ

118 667 218 733 ἐστίν.
256 665 444 749 αὐτομόλου
468 674 576 749 σχήμα
599 663 706 748 μέλλοο
726 665 839 747 λαβὼν
858 662 911 730 ἐπὶ
928 666 988 730 τὸν
1005 666 1142 753 χάρακα

91 784 186 838 ιτῶυ
213 777 398 858 Τυρρηνῶν
425 772 641 854 πορεύεσθαι,
686 769 745 836 ἐὰν
768 768 830 854 μὲν
853 766 916 837 οὖν
938 769 1142 855 ἀπιστηθεὶς

118 880 201 966 πρὸς
229 877 339 944 αὐτῶν
370 877 547 961 ἀποθάνω,
577 874 628 943 ἑνὶ
650 879 769 963 πολίτη
793 879 899 962 μόνον
922 876 1083 955 ἐλάττους
1107 878 1145 944 οἱ

119 984 230 1053 λοιποὶ
257 984 473 1071 γενήσεσθε·’
492 982 550 1049 ἐάν
579 979 617 1049 δὲ
643 988 826 1066 παρελθεῖν
849 988 928 1049 είσοο
950 992 1011 1049 τοῦ
1037 984 1143 1070 χάρα-

119 1104 177 1171 κος
200 1091 375 1177 ἐκγένηταί
394 1115 461 1175 μοι,
484 1091 544 1156 τδυ
566 1088 705 1174 βασιλέα
727 1101 795 1155 τῶν
812 1092 980 1174 πολεμίων
999 1089 1144 1157 ἀποκτε-

119 1209 193 1264 νεῖν
211 1198 292 1282 ὑμῖν
305 1195 525 1281 ὑποδέχομαι·
549 1195 784 1274 ἀποθανόντος
798 1193 835 1262 δὲ
849 1199 1024 1282 Πορσίνου
1039 1220 1143 1262 κατα-

81 1326 107 1365 10
121 1307 304 1386 λυθήσεται
334 1301 396 1386 μὲν
428 1303 446 1368 δ
478 1305 638 1388 πόλεμος,
676 1302 740 1385 ἐγὼ
773 1300 804 1367 δ’
838 1304 870 1368 εί
900 1303 919 1367 ό
950 1325 982 1367 τι
1014 1301 1060 1368 ἀν
1092 1311 1143 1393 τῷ

121 1412 284 1497 δαιμονίῳ
304 1409 384 1493 δόξη
403 1411 569 1494 πείσομαι,
588 1411 718 1475 τούτων
737 1412 937 1495 συνίστορας
953 1409 1042 1493 ὑμᾶς
1056 1408 1145 1488 ἕξων

120 1514 176 1582 καὶ
203 1516 372 1602 μάρτυρας
399 1517 483 1602 πρὸς
513 1517 573 1581 τὸν
604 1517 710 1601 δήμου
739 1518 851 1601 άπειμι
878 1516 940 1600 τήν
963 1518 1143 1602 κρείττονα

121 1623 225 1708 τύχην
248 1632 306 1707 τῆς
327 1624 488 1708 πατρίδος
509 1622 656 1708 ἡγεμόνα
678 1632 737 1708 τῆς
760 1623 843 1688 ὁδοῦ
865 1624 1101 1708 ποιησάμενος.

188 1729 341 1796 XXVIII.
371 1723 578 1807 Ἐπαινεθεὶς
606 1724 637 1793 δ’
658 1729 724 1795 ὑπὸ
749 1741 817 1796 τῶν
840 1729 878 1796 ἐν
900 1738 946 1818 τῷ
969 1732 1144 1818 συνεδρίῳ

82 1856 107 1897 15
121 1835 176 1903 καὶ
199 1836 312 1919 λαβὼν
336 1837 479 1912 οἰωνοὺς
501 1837 632 1913 αίσίους
653 1846 711 1920 τής
728 1835 876 1922 πράξεως
895 1837 1063 1920 διαβαίνει
1080 1839 1144 1903 τὸν

121 1945 280 2027 ποταμόν.
317 1939 372 2007 καὶ
390 1944 659 2028 παραγενόμενος
677 1939 731 2008 ἐπὶ
748 1945 809 2009 τὸν
826 1944 953 2029 χάρακα
966 1953 1036 2009 τῶν
1056 1949 1144 2030 Τυρ-

123 2059 236 2135 ρηνῶν
260 2046 450 2133 εἰσέρχεται,
474 2048 792 2135 παρακρουσάμενος
811 2053 891 2127 τοὺς
909 2050 1144 2134 φυλάττοντας

122 2158 180 2235 τάς
202 2157 308 2233 πύλας
331 2155 376 2231 ὡς
397 2164 465 2219 τῶν
488 2154 666 2245 ὁμοεθνῶν
686 2178 746 2238 τις,
771 2155 875 2222 ὅπλον
894 2154 925 2220 τ’
949 2152 1057 2223 οὐθὲν
1076 2183 1144 2242 φα-

122 2266 223 2349 νερὸν
252 2265 337 2347 ἔχων
364 2258 418 2326 καὶ
445 2262 573 2347 γλῶττη
601 2266 792 2348 Τυρρηνικῇ
816 2264 1068 2347 διαλεγόμενος,
1097 2264 1195 2348 ήν908

84 2391 110 2430 ιο
124 2369 285 2455 ἐξέμαθεν
318 2371 365 2434 ἐτι
400 2379 478 2445 παῖς
514 2368 562 2433 ὢν
594 2369 659 2433 ὑπὸ
693 2378 828 2453 τροφοῦ1
860 2370 1072 2455 Τυρρηνίδος
1102 2373 1143 2436 τὸ

88 2477 221 2560 2γένος
244 2476 461 2560 ἐκδιδαχθείς.
495 2475 540 2552 ὡς
562 2469 594 2540 δ’
615 2472 669 2541 ἐπὶ
686 2477 748 2559 τήν
767 2474 894 2561 ἀγοράν
911 2473 1022 2541 καὶτὸ
1043 2492 1144 2563 στρα-

124 2585 241 2666 τήγιον
264 2583 416 2668 ἀφίκετο,
445 2583 553 2667 άνδρα
577 2580 640 2670 δρᾷ
664 2581 799 2666 μεγέθει
821 2604 856 2646 τε
878 2579 934 2647 καὶ
958 2581 1052 2668 ῥώμη
1079 2583 1144 2647 σά-

125 2711 226 2772 ματος
241 2687 455 2774 διαφέροντα,
474 2687 600 2772 ἐσθήτα
614 2698 794 2774 πορφυρᾶν
809 2687 1020 2769 ἐνδεδυκότα,
1033 2691 1144 2773 καθή-

126 2816 229 2878 μενον
257 2792 309 2859 ἐπὶ
336 2803 397 2859 τοῦ
425 2804 645 2879 στρατηγικοῦ
673 2798 833 2880 βήματος,
860 2792 1014 2879 καὶπερὶ
1037 2795 1146 2861 αὐτὸν

85 2919 111 2959 ιι
126 2898 268 2977 ἑστῶτας
291 2900 454 2977 ἐνόπλους
475 2903 629 2986 συχνούς.
676 2885 867 2987 διαμαρτὼν
890 2897 927 2967 δέ
950 2908 1008 2983 της
1031 2901 1145 2986 δόξης,

198 3099 213 3147 9
234 3090 408 3163 ὑποδέχομαι
427 3094 448 3145 Β
481 3094 670 3165 ὑπισχνοῦμαι
687 3095 713 3147 R
729 3097 732 3165 Ι
750 3095 913 3149 ἀποκτίνειν
932 3094 978 3147 Ba
1009 3093 1146 3149 ἀποκτεί-

127 3185 188 3220 νειν
207 3164 253 3217 Bb
287 3164 453 3218 ἀποκτενεῖν
472 3163 497 3215 R
552 3173 586 3220 10
604 3163 656 3236 μέν
674 3165 741 3234 ημῖν
761 3165 818 3219 δΑ
846 3163 897 3235 μὲν
917 3164 974 3218 δΒ
1003 3161 1055 3233 μὲν
1075 3167 1145 3236 ὑμῖν

127 3237 142 3292 ὁ
161 3237 253 3308 ΒΙεί
265 3256 292 3289 τι
311 3235 333 3289 Ο
354 3251 422 3289 corr.
444 3234 603 3303 Stephanus
681 3243 712 3289 11
733 3245 814 3290 τοῦτο
833 3238 967 3306 πείσομαι
986 3234 1009 3289 Ο
1027 3239 1147 3305 praeter

127 3310 150 3362 B
210 3306 333 3379 12-πρδς
346 3305 395 3360 τὸν
410 3306 533 3376 δαίμονα
547 3323 571 3361 ο.
586 3306 715 3362 Hertlein
729 3307 951 3361 HermesX414
999 3312 1032 3362 16
1051 3327 1146 3376 παρα-

127 3379 300 3450 γενηθείςΑ
335 3395 562 3449 παραγεν....σ
580 3378 627 3433 Ba
653 3376 969 3450 παραγενόμενοςΒδΟ
1025 3385 1059 3432 23
1076 3398 1146 3450 πορ-

129 3459 224 3522 φυρῆν
243 3451 291 3505 Ba
325 3457 477 3521 πορφυρᾶν
495 3449 521 3501 R
606 3511 609 3518 q
1136 3476 1148 3501 ο
