2414 3840
497 180 661 228 -Ε-
1024 175 1090 241 253

74 339 310 404 δεσπισάντων
332 345 436 422 θεῶν,
459 339 581 415 ταύτας
602 339 703 404 πάλιν
722 337 896 423 ἐμπεδοῦν.
934 335 1007 422 ἐμοὶ
1029 334 1126 422 μέν4

76 445 117 529 δὴ
149 446 240 527 παρὰ
271 455 339 510 τών
367 441 536 530 Ἑλλήνων
568 446 706 511 δοκοῦσι
734 441 888 529 Ῥωμαῖοι
919 445 957 509 τὸ
987 443 1091 527 παρά-

76 553 196 636 δειγμα
219 554 345 635 λαβεῖν,
368 552 479 635 ὥσπερ
503 554 601 637 ἔφην,
625 555 799 628 Λικίννιος
822 548 860 616 δὲ
878 548 955 636 παρ’
974 547 1091 633 Ἄλβα·

76 668 147 722 νῶν
175 663 279 722 οίεται
305 659 365 723 τὸν
394 657 571 741 δικτάτορα
588 653 769 742 Ῥωμαίους
796 655 984 741 εἰληφέναι,
1014 656 1092 721 τού-

76 786 156 840 τους
177 763 286 847 λέγων
309 764 462 849 πρώτους
479 764 560 849 μετὰ
578 765 637 829 τὸν
652 760 809 847 Ἀμολίου
827 761 883 828 καὶ
901 761 1118 848 Νεμέτοροςτ

77 868 229 934 θάνατον
257 869 454 953 ἐκλιπούσης
481 879 539 953 της
565 873 737 954 βασιλικῆς
765 871 959 953 συγγενείας
982 870 1092 935 ένιαυ-

79 978 173 1051 σίους
195 976 359 1060 ἄρχοντας
381 975 553 1054 ἀποδεῖξαι
574 977 636 1059 τὴν
659 976 764 1059 αὐτὴν
783 978 919 1060 ἔχοντας
937 974 1093 1053 ἐξουσίαν

77 1091 148 1158 τοῖς
170 1082 355 1165 βασιλεῦσι,
377 1086 491 1147 καλεῖν
510 1079 540 1146 δ
554 1081 677 1159 αὐτοὺς
696 1082 903 1167 δικτάτορας·
926 1081 990 1165 ἐγὼ
1006 1078 1037 1145 δ’
1051 1079 1092 1145 οὐ

78 1187 227 1271 τούνομα
242 1191 350 1271 ζητεῖν
367 1187 496 1272 ἠξίουν,
518 1190 627 1253 πόθεν
639 1187 660 1272 ἡ
670 1185 841 1272 Ῥωμαίων
854 1191 950 1265 πόλις
964 1190 1092 1272 ἔλαβεν,

79 1291 163 1358 άλλδι
188 1294 226 1358 τὸ
254 1302 312 1377 τῆς
340 1292 492 1371 ἐξουσίας
515 1302 574 1378 τῆς
596 1294 926 1380 περιλαμβανομένης
948 1302 993 1382 τςό
1018 1294 1092 1359 όνό-
1108 1320 1134 1360 10

20 1415 156 1483 ιονιματι
187 1400 404 1486 παράδειγμα.
451 1397 523 1466 ἀλλ’
552 1396 636 1487 ὑπὲρ
669 1399 730 1486 μὲν
760 1401 889 1467 τούτων
917 1398 1024 1467 οὐδὲν
1051 1399 1093 1465 δν

79 1509 128 1587 εἴη
151 1506 234 1590 τάχα
257 1506 430 1593 προύργου
453 1508 494 1572 τά
515 1511 617 1572 πλείω
641 1508 794 1593 γράφειν.

144 1612 276 1679 LXXV.
300 1609 362 1678 Ὃν
395 1608 432 1678 δέ
462 1615 589 1698 τρόπον
616 1613 634 1679 ὁ
662 1614 810 1698 Λάρκιος
836 1612 997 1698 ἐχρήσατο
1025 1624 1095 1690 τοῖς

79 1717 249 1803 πράγμασι
279 1719 440 1805 δικτάτωρ
472 1729 602 1805 πρῶτος
633 1716 845 1803 ἀποδειχθεὶς
874 1717 930 1783 καλ
956 1723 1094 1804 κόσμον,

81 1816 155 1890 οἷον
178 1824 356 1911 περιέθηκε
378 1835 418 1910 τῇ
442 1825 543 1913 ἀρχῇ,
566 1828 739 1909 συντόμως
755 1825 954 1910 πειράσομαι
973 1824 1095 1903 διεξελ-
1110 1848 1135 1890 15

81 1936 169 2013 δεῖν,
188 1940 292 1996 ταῦτα
310 1931 497 2016 ἡγούμενος
515 1926 602 1997 εἶναι
617 1932 848 2018 χρησιμώτατα
861 1941 932 2007 τοῖς
945 1929 1095 2013 ἀναγνω-

82 2034 247 2122 σομένοις,
271 2037 292 2102 δ
315 2038 443 2121 πολλὴν
467 2038 628 2123 εὐπορίαν
650 2036 783 2124 παρέξει
805 2043 917 2102 καλών
939 2035 995 2102 καὶ
1013 2053 1095 2121 συμ-

81 2146 256 2230 φερόντων
269 2144 547 2229 παραδειγμάτων
560 2142 762 2229 νομοθέταις
775 2141 874 2210 τεκαὶ
884 2145 1096 2229 δημαγωγοῖς

80 2247 136 2314 καὶ
168 2259 238 2325 τοῖς
270 2251 383 2326 άλλοις
414 2251 517 2315 άπασι
548 2260 618 2327 τοῖς
646 2251 888 2317 πολιτεύεσθαί
910 2274 946 2315 τε
973 2248 1029 2316 καὶ
1055 2252 1096 2315 τά

80 2356 178 2420 κοινά
204 2356 360 2438 πράττειν
386 2356 613 2442 βουλομένοις.
660 2357 701 2422 ού
729 2359 793 2441 γάρ
818 2356 941 2441 ἄζηλον
962 2354 1019 2422 καὶ
1039 2380 1095 2421 τα-
1110 2378 1137 2420 εο

81 2469 196 2545 πεινῆς
218 2465 345 2539 πόλεως
367 2464 590 2548 πολιτεύματα
612 2461 668 2528 καὶ
691 2465 786 2547 βίους
810 2458 889 2528 ούδδ
909 2462 1097 2548 άνωνύμων

81 2565 137 2632 καὶ
159 2567 414 2654 ἀπερριμμένων
438 2570 630 2656 ἀνθρώπων
652 2570 863 2655 βουλεύματα
885 2566 941 2635 καὶ
963 2568 1098 2654 πράξεις

83 2672 191 2758 με’λλω
215 2676 416 2759 διηγεῖσθαι,
440 2677 525 2741 ὥστε
548 2677 649 2760 ὄχλον
671 2676 715 2741 άν
736 2698 804 2742 τινι
848 2672 905 2740 καὶ
928 2678 1098 2760 φλυαρίαν

16 2788 233 2865 Ιονεφανηνατ
254 2783 316 2866 την
338 2780 415 2867 περὶ
433 2783 475 2847 τά
493 2783 594 2868 μικρδ
611 2780 666 2848 καλ
685 2786 799 2867 φαῦλα
816 2781 911 2866 ἡμῶν
930 2784 1097 2868 σπουδήν·

83 2882 155 2952 ἀλλ’
182 2884 266 2969 ὑπὲρ
297 2896 356 2972 της
387 2889 490 2953 άπασι
522 2890 563 2953 τὰ
589 2890 673 2953 καλά
700 2884 757 2952 καὶ
784 2888 895 2952 δίκαια
922 2887 1096 2973 ὁριζούσης
1110 2908 1136 2950 ιι

83 2995 209 3070 πόλεως
231 2992 287 3059 καὶ
309 2992 385 3079 περὶ
404 3005 472 3060 τῶν
490 2996 537 3072 είς
555 3003 654 3060 τοῦτο
672 2992 972 3078 καταστησαμένων
992 2995 1098 3078 αὐτὴν

82 3099 120 3163 τὸ
144 3097 270 3183 άξίωμα
292 3099 477 3185 ἡγεμόνων,
501 3101 522 3165 ά
544 3104 594 3178 τις
616 3099 659 3167 δν
678 3100 879 3166 σπουδάσειε
897 3101 941 3184 μὴ
961 3100 1097 3184 άγυοεῖυ

154 3226 171 3274 3
190 3221 316 3283 Λικίνιος
337 3220 391 3274 ΑΒ
472 3228 488 3276 ὃ
507 3222 646 3294 πρώτους]
670 3221 740 3292 πρὸς
756 3222 822 3284 τούς
839 3221 863 3274 Β
944 3225 977 3275 11
996 3221 1097 3275 τούτου

85 3290 280 3359 OpraeterB
337 3299 369 3346 19
387 3312 418 3347 τε
437 3293 534 3348 om.B
588 3300 622 3348 23
641 3291 792 3349 τιυλΑΒΙ)
828 3289 1095 3360 τινελΒοΙόχλον]

83 3367 169 3431 λῆρον
187 3362 234 3416 vel
251 3361 342 3418 ύόλου
361 3380 384 3418 ο.
403 3363 532 3418 Hertlein
549 3364 666 3419 Hermes
685 3365 711 3419 X
729 3381 756 3433 p.
776 3369 830 3417 414
892 3368 926 3416 27
946 3360 965 3415 ά
983 3381 1025 3424 τις
1044 3361 1097 3415 οὐκ

84 3431 121 3487 διν
140 3433 308 3488 σπουδάσειε
327 3450 351 3490 ο.
370 3434 475 3489 Reiske
