2414 3840
491 184 651 236 -5-
1017 183 1082 250 265

70 344 200 430 πάρχην
233 348 334 410 Τῖτον
361 344 546 429 Αἰβούτιον
578 345 703 427 ἀγοντα
733 346 813 422 τοὺς
844 343 1084 429 ἀκμαιοτάτους

72 451 179 528 ἱππεῖς
201 473 236 516 τε
258 449 314 516 καλ
336 451 473 534 ψιλούς,
500 448 748 533 καταλαβέσθαι
769 451 928 528 κελεύσας
950 452 1029 538 όρος
1051 474 1082 517 τι

26 562 179 635 45καλῶς
200 556 238 622 ἐν
260 559 397 646 παρόδφ
416 560 569 642 κείμενον
586 569 658 635 ταῖς
676 556 995 644 παρακομιζομέναις
1015 563 1083 624 Λα-

70 667 175 741 τίνοις
201 663 338 750 ἀγοραῖς
365 670 515 730 οἴκοθεν·
556 662 612 729 καὶ
640 664 767 750 φθάνει
794 663 873 752 πρὶν
901 663 1084 731 αἰσθέσθαι

69 772 148 847 τοὺς
169 772 348 855 πολεμίους
370 770 391 854 ἡ
415 773 479 836 σῦν
500 779 546 859 τῷ
569 771 713 856 ἱππάρχῃ
732 778 924 856 πεμφθεῖσα
943 772 1111 857 δύναμιςε

69 878 200 962 νύκτωρ
224 884 466 962 παρενεχθεῖσα
488 874 544 942 καλ
564 874 608 942 δι’
625 877 708 962 ύλης
727 877 883 964 ἀτριβοῦς
901 879 1084 944 διελθοῦσα

70 981 125 1049 καὶ
147 982 310 1067 γενομένη
335 982 493 1069 ἐγκρατὴς
514 991 575 1048 τοῦ
598 986 716 1069 λόφου.

137 1089 177 1156 V.
205 1092 386 1167 Μαθόντες
409 1085 441 1154 δ’
462 1091 499 1156 οί
519 1088 697 1176 στρατηγοί
716 1101 784 1175 τῶν
801 1091 969 1175 πολεμίων
987 1113 1085 1155 κατα-

72 1198 306 1281 λαμβανόμενα
336 1194 394 1262 καλ
424 1197 465 1261 τά
495 1198 579 1262 κατὰ
602 1198 721 1280 ΙΗνιότου
750 1207 847 1283 σφῶν
875 1197 1002 1283 ἐρυμνά
1028 1195 1084 1263 καλ

72 1298 152 1367 οὐδὲ
182 1301 259 1388 περὶ
290 1311 348 1387 της
382 1308 519 1369 οίκοθεν
551 1303 674 1389 ἀγορᾶς
705 1305 847 1389 χρηστάς
874 1306 922 1368 ἐτι
950 1303 1085 1382 ἐλπίδας
1099 1321 1125 1361 10

72 1410 202 1493 ἔχοντες
225 1409 270 1485 ὡς
292 1408 450 1493 ἀσφαλῶς
473 1411 569 1494 σφίσι
587 1408 979 1496 παρακομισθησομένης,
1003 1411 1085 1476 ἀπα-

72 1513 168 1598 ράξαι
194 1517 275 1592 τοὺς
291 1510 473 1600 Ῥωμαίους
500 1518 652 1599 ἔγνωσαν
679 1516 744 1581 ἀπὸ
767 1524 828 1581 τοῦ
850 1519 975 1599 λόφου,
1005 1515 1085 1604 πρὶν

72 1619 92 1704 ἢ
121 1621 240 1706 χάρακι
266 1619 321 1686 καὶ
344 1620 460 1709 τάφρφ
483 1622 722 1707 κρατύνασθαι.
764 1621 941 1706 ἀναλαβὼν
965 1619 1001 1688 δὲ
1023 1625 1120 1707 την2

26 1726 175 1794 Ιαολππον
197 1727 313 1812 ἅτερος
336 1727 447 1793 αὐτῶν
469 1726 593 1807 Σέξτος
614 1729 759 1811 ἤλαυνεν
784 1727 848 1793 ἀνά
868 1727 989 1813 κράτος
1013 1729 1085 1810 [αύ-

71 1835 161 1918 την,]
196 1834 240 1910 ὡς
273 1833 314 1898 ού
345 1832 523 1918 δεξομένης
555 1833 657 1899 αὐτὸν
683 1842 742 1917 τῆς
764 1828 944 1918 Ῥωμαῖκῆς
973 1835 1085 1901 ἵππου.
1100 1853 1126 1894 15

72 1942 235 2022 γενναίως
258 1936 295 2005 δέ
317 1951 385 2005 τῶν
402 1935 572 2024 Ῥωμαίων
594 1938 720 2005 ἱππέων
736 1943 816 2017 τοὺς
834 1940 986 2018 ἐπιόντας
1004 1942 1086 2008 ὑπο-

72 2044 258 2130 μεινάντων
288 2042 383 2131 μέχρι
412 2044 474 2129 μέν
502 2068 594 2123 τινος
624 2046 774 2131 ἀντεῖχεν
803 2047 1024 2134 ὑποστρέφων
1051 2072 1086 2115 τε

71 2149 126 2216 καὶ
159 2147 260 2228 αὖθις
287 2151 431 2234 ἐπάγων·
469 2150 539 2218 ἐπεὶ
567 2148 598 2216 δ’
633 2153 654 2236 λλ
681 2176 717 2218 τε
744 2154 846 2238 φύσις
872 2162 934 2219 τοῦ
960 2158 1086 2241 χωρίου

71 2269 141 2335 τοῖς
164 2255 226 2343 μέν
248 2259 313 2342 ἤδη
337 2267 497 2344 κρατοῦσι
519 2269 587 2324 τῶν
610 2260 722 2343 ἀκρων
745 2259 869 2344 μεγάλα
892 2265 1086 2345 πλεονεκτη-

72 2389 158 2450 ματα
185 2375 334 2450 παρεῖχε,
362 2374 432 2441 τοῖς
460 2361 497 2430 δέ
523 2365 676 2430 κάτωθεν
703 2364 857 2431 ἐπιοῦσιν
885 2364 986 2431 οὐδὲν
1013 2368 1031 2432 ό
1054 2390 1086 2432 τι
1100 2385 1127 2425 20

72 2473 115 2556 μη
140 2473 264 2548 πολλάς
285 2471 375 2536 πάνυ
397 2472 525 2554 πληγάς
546 2469 603 2537 καὶ
624 2474 750 2548 πόνους
770 2471 958 2555 ἀνηνύτους
977 2475 1086 2559 ἔφερε,

72 2576 126 2643 καλ
160 2573 262 2654 αὖθις
292 2575 386 2663 ἑτέρα
415 2586 525 2663 παρῆν
556 2578 697 2662 δύναμις
727 2588 796 2654 τοῖς
818 2572 989 2663 Ῥωμαίοις
1019 2579 1086 2645 ἐπι·
1148 2569 1151 2575 ’

72 2682 198 2749 λέκτων
231 2683 365 2769 ἀνδρῶν
395 2683 431 2749 ἐκ
457 2693 515 2768 της
541 2687 672 2768 πεζικῆς
702 2685 873 2769 φάλαγγος
900 2685 1085 2772 ἐπίκουρος,

72 2789 114 2872 ἣν
147 2789 165 2855 ὁ
194 2792 384 2874 Ποστόμιος
414 2792 497 2854 κατδ
531 2791 636 2867 πόδας
668 2789 872 2875 ἀπέστειλεν,
906 2788 1006 2858 οὐδὲν
1039 2796 1086 2859 ἐτι

71 2897 228 2982 πράττειν
251 2897 437 2981 δυνάμενος
460 2895 564 2980 ἀπῆγε
587 2897 649 2980 την
671 2897 774 2962 ἵππον
797 2896 851 2963 ἐπὶ
868 2899 928 2963 τὸν
946 2900 1086 2986 χάρακα·
1101 2916 1128 2958 2⁵

72 3000 127 3068 καλ
158 3002 194 3068 οί
213 2997 367 3086 Ῥωμαῖοι
397 3005 537 3086 βεβαίως
564 3011 763 3088 κρατοῦντες
789 3005 826 3069 τὸ
854 3007 978 3091 χωρίον
1005 3014 1085 3089 προέ

73 3119 189 3195 φανῶς
217 3109 439 3194 κρατύνονται
470 3094 573 3196 <τὴν>
604 3112 767 3196 φυλακήν.
814 3113 894 3196 μετδι
921 3120 1020 3177 τοῦτο
1048 3112 1120 3178 τὸ3

146 3236 179 3285 10
199 3228 239 3284 ἐτι
258 3245 311 3284 om.
330 3230 356 3283 A
430 3236 461 3285 11
482 3232 538 3285 ἀπο
558 3230 641 3301 ράξαι
661 3231 683 3286 Ο
708 3247 777 3287 corr.
797 3231 886 3286 Cobet
906 3231 971 3286 Obs.
989 3248 1016 3300 p.
1033 3239 1084 3286 109

74 3309 107 3357 13
126 3301 176 3356 καλ
194 3299 314 3381 λόφω.Ο
351 3301 400 3356 καί
423 3300 522 3375 τάφρῳ
541 3252 716 3356 &merarius
790 3309 824 3357 14
843 3302 931 3370 αὐτὴν
951 3301 1005 3356 del.
1025 3301 1086 3354 sin-

72 3354 416 3499 χρρρρεέἰφρᾘὲχρυᾟλδ
489 3378 522 3427 21
544 3371 646 3443 ἔφερον
664 3373 690 3426 A
727 3370 909 3446 ἐφερε<ν>Β
982 3378 1015 3426 2⁷
1034 3371 1085 3440 τὴν
