2414 3840
535 184 694 235 -ς-
1060 185 1126 251 293

103 366 169 420 τας
196 343 255 419 τάς
282 342 471 427 ἀποκρίσεις
499 345 656 426 λαβόντες
686 342 742 409 καὶ
771 341 839 428 μετ’
869 345 982 428 ὀλίγας
1003 344 1127 430 ἡμέρας

105 445 196 533 ἧκον
218 449 298 526 τούς
319 446 350 513 τ’
378 450 605 533 αἰχμαλώτους
626 449 799 533 ἀφεικότες
816 448 871 516 καὶ
889 453 968 528 τοὺς
986 451 1127 530 ἁλόντας

108 567 181 625 τῶν
210 555 405 639 αὐτομόλων
431 558 587 641 δεσμίους
610 558 747 640 ἀγοντες
770 556 825 624 καὶ
847 561 926 636 τοὺς
948 559 1015 643 ἀμα
1042 563 1126 642 Ταρ-

110 665 219 749 κυνίφ
252 661 405 745 φυγάδας
436 660 665 745 ἐξεληλακότες
697 663 733 729 ἐκ
763 675 832 731 τών
858 668 998 731 πόλεων.
1044 660 1123 729 ἀνθ’

113 764 162 834 ὧν
186 769 326 853 εὕροντο
348 770 437 852 παρά
459 776 517 852 τῆς
540 772 664 853 βουλης
685 770 747 852 την
770 770 911 856 ἀρχαίαν
934 773 1052 857 φιλίαν
1070 768 1153 835 καλε

115 876 305 960 συμμαχίαν
336 871 392 939 καὶ
421 877 499 950 τοὺς
527 875 647 958 ὅρκους
674 878 754 952 τοὺς
780 873 864 961 ὑπὲρ
891 877 1020 942 τούτων
1048 873 1127 942 ποτέ

114 979 317 1066 γενομένους
341 981 397 1044 διὰ
418 989 486 1044 τών
510 981 729 1065 εἰρηνοδικῶν
752 981 990 1048 ἀνενεώσαντο.
1028 979 1128 1066 δμέν

116 1089 157 1172 δὴ
185 1088 269 1172 πρὸς
295 1089 374 1163 τοὺς
400 1086 589 1170 τυράννους
611 1088 733 1165 συστάς
755 1091 898 1174 πόλεμος
920 1090 1145 1180 τετρακαιδε-7

115 1192 232 1278 καέτης
255 1192 319 1258 ἀπὸ
343 1203 401 1276 τῆς
424 1192 615 1270 ἐκπτώσεως
637 1194 749 1260 αὐτῶν
772 1198 952 1280 γενόμενος
973 1195 1129 1279 τοιαύτης

116 1302 211 1383 ἔτυχε
232 1304 394 1383 τελευτῆς.
434 1300 619 1383 Ταρκύνιος
642 1297 672 1365 δ’
700 1300 718 1366 ὁ
741 1303 912 1385 βασιλεύς,
943 1295 1041 1378 οὗτος
1063 1279 1168 1395 γδιρ130

116 1408 164 1470 ἐτι
188 1406 302 1482 λοιπὸς
325 1403 361 1470 ἐκ
382 1414 443 1470 τοῦ
466 1404 585 1488 μένους
607 1402 660 1490 ἦν,
685 1406 769 1491 ὁμοῦ
792 1430 823 1472 τι
846 1408 993 1491 γεγονώς
1015 1405 1128 1490 ἐνενη-

117 1510 293 1596 κονταέτης
324 1513 407 1577 κατά
438 1512 498 1576 τὸν
525 1514 648 1596 χρόνον
674 1522 811 1590 τοῦτον,
831 1512 1062 1589 ἀπολωλεκὼς
1088 1513 1129 1577 τά

116 1617 215 1683 τέκνα
238 1615 294 1682 καὶ
316 1619 376 1682 τὸν
398 1628 466 1682 τών
489 1620 658 1701 κηδεστῶν
677 1613 771 1684 οίκον
788 1616 843 1683 καὶ
861 1627 965 1703 γῆρας
984 1618 1129 1684 ἐλεεινὸν

117 1721 173 1789 καὶ
200 1718 277 1809 παρ’
305 1721 441 1807 ἐχθροῖς
468 1726 648 1808 διαντλῶν,
683 1724 758 1789 οὔτε
786 1728 942 1790 Λατίνων
969 1724 1129 1808 ὑποδεχο-

51 1828 229 1914 1089μένων
260 1829 363 1895 αὐτὸν
391 1832 440 1894 ἐτι
466 1839 538 1907 ταίς
559 1833 712 1914 πόλεσιν,
741 1831 818 1896 οώτε
844 1834 1028 1916 Τυρρηνῶν
1052 1829 1129 1894 οὔτε
1144 1846 1169 1887 15

118 1938 279 2019 Σαβίνων
310 1933 380 2000 οὔτ’
407 1936 509 2019 ἀλλης
538 1937 771 2021 πλησιοχώρου
799 1940 926 2013 πόλεως
953 1934 1132 2020 ἐλευθέρας

120 2042 286 2126 οὐδεμιᾶς,
309 2043 357 2118 είς
379 2042 440 2125 τὴν
455 2044 656 2126 Καμπανίδα
679 2044 801 2128 Κύμην
824 2041 926 2131 ώχετο
945 2044 1027 2127 πρὸς
1046 2038 1131 2128 Ἀρι-

120 2150 288 2232 στόδημον
310 2148 370 2212 τὸν
389 2145 609 2231 ἐπικληθέντα
627 2151 791 2214 Μαλακὸν
810 2157 1040 2236 τυραννοῦντα
1058 2149 1131 2212 τότε

120 2257 295 2339 Κυμαίων·
327 2244 455 2342 παρ’ρδ
484 2255 612 2341 βραχύν
639 2279 714 2320 τινα
737 2255 870 2340 ἡμερῶν
893 2256 1040 2339 ἀρνθμδν
1064 2251 1132 2318 ἐπι-

119 2363 215 2445 βιοὺς
247 2359 454 2443 ἀποθνησκει
485 2360 540 2426 καὶ
568 2361 729 2427 θάπτεται
756 2359 812 2426 ὑπ’
841 2362 952 2427 αὐτοῦ.
998 2371 1066 2425 τῶν
1095 2354 1132 2424 δέ
1146 2376 1173 2416 2⁰

120 2470 184 2532 σὺν
213 2465 328 2554 ἐκείνῳ
352 2468 516 2550 φυχάδων
540 2468 575 2534 οί
596 2465 656 2553 μέν
680 2467 716 2533 έν
739 2477 778 2554 τῇ
802 2470 901 2554 Κύμη
924 2465 1133 2552 κατέμειναν,

121 2574 156 2638 οί
182 2568 213 2638 δ’
241 2574 287 2649 είς
315 2575 416 2650 ἀλλας
443 2575 536 2652 τινάς
563 2578 675 2652 πόλεις
697 2572 939 2651 σκεδασθέντες
961 2571 1014 2639 ἐπὶ
1038 2571 1133 2656 ξένης

120 2681 180 2744 τὸν
203 2681 280 2762 βίον
303 2678 536 2767 κατέστρεψαν.

186 2785 292 2851 XXII.
317 2782 488 2870 Ῥωμαίοις
508 2783 545 2851 δὲ
558 2785 840 2871 καταλυσαμένοις
853 2788 932 2864 τοὺς
945 2786 1134 2873 ὑπαίθρους

119 2890 287 2976 πολέμους
309 2892 329 2975 η
353 2893 504 2976 πολιτικὴ
529 2893 643 2969 στάσις
661 2888 762 2970 αὖθις
780 2891 976 2960 ἐπανίστατο
995 2902 1053 2978 της
1072 2888 1133 2977 μὲν
1147 2906 1174 2948 2⁶

120 3001 246 3081 βουλῆς
274 2997 506 3084 ψηφισαμένης
532 3002 683 3078 καθίζειν
709 2999 750 3064 τδι
777 3001 972 3084 δικαστήρια
999 2996 1135 3073 καὶτὰς

193 3231 278 3295 ὁτῆς
295 3224 400 3290 πόλεως
419 3226 441 3281 0
463 3244 532 3283 corr.
553 3225 675 3296 Sylburg
747 3233 763 3282 8
783 3222 881 3290 ένοτάς
900 3229 922 3283 Ο
942 3243 1011 3280 corr.
1030 3221 1135 3276 Reiske

121 3295 432 3366 *τετρακαιδεκέτηςῡ
489 3306 519 3353 11
543 3292 713 3364 ἐνενήκοντα
733 3296 780 3368 ἐτη
798 3297 824 3350 A
857 3292 1091 3366 ἐνενηκονταέτης
1111 3292 1134 3345 Β

124 3375 156 3421 16
182 3364 345 3438 ἐλευθερίας
368 3369 391 3423 Β
499 3376 534 3424 24
552 3369 724 3439 ὑπαιθρίους
747 3386 770 3424 ο.
798 3366 944 3435 Kiessling
970 3363 1136 3419 dubissanter

123 3441 157 3490 25
177 3439 310 3493 ἀνίστατο
329 3456 351 3495 ο.
371 3438 461 3495 Cobet
479 3441 545 3495 obs.
564 3457 591 3509 p.
608 3446 659 3495 115
