2414 3840
513 183 671 234 ..ς-

73 349 234 427 χρῆσθαι
257 345 375 425 σφίσιν
399 342 443 418 ὡς
465 342 690 427 ἡμαρτηκόσιν
713 345 731 409 ό
754 367 786 408 τι
809 346 974 428 βούλοιτο.
1021 344 1039 410 ό
1064 340 1101 410 δέ

72 448 214 533 τροφάς
245 455 291 535 τῷ
323 449 542 532 στρατεύματι
572 444 650 531 παρ’
678 449 788 514 αὐτῶν
816 451 929 533 λαβὼν
960 435 1102 533 ἐσθῆτάς

74 577 115 620 τε
146 551 204 618 καὶ
231 557 443 639 τριακοσίους
469 553 608 639 <υίοδς>
632 557 679 632 είς
702 555 860 640 ὁμηρείαν
885 556 921 622 ἐκ
943 568 1010 621 τῶν
1034 555 1101 622 ἐπι-

79 636 306 743 φανεστάτων
330 665 432 723 οίκων
455 658 686 743 ἐπιλεξάμενος
709 660 826 749 ᾤχετο,
855 664 1017 728 λελύσθαι
1040 664 1100 727 τὸν

77 770 233 850 πόλεμον
256 765 443 849 ὑπολαβών.
488 761 532 848 ῆν
556 764 586 831 δ’
613 767 678 850 ἀρα
700 763 790 832 τοῦτ’
817 769 857 833 οὐ
880 771 989 851 λύσις,
1021 749 1135 863 ἀνα-Ξ)

81 872 168 955 βολή
199 869 240 935 δέ
264 893 314 947 τις
340 869 395 936 καὶ
422 881 632 956 παρασκευῆς
659 872 793 956 ἀφορμή
819 885 889 951 τοῖς
912 881 1100 958 φθασθεῖσι

80 987 128 1066 τῷ
158 974 239 1060 παρ’
266 975 384 1041 ἐλπίδα
406 986 463 1060 τῆς
491 978 635 1060 ἐφόδου,
664 977 870 1054 ἀπελθόντος
892 1003 927 1044 τε
950 989 1010 1044 τοῦ
1033 992 1101 1045 τῶν

78 1078 252 1168 Ῥωμαίων
271 1083 513 1169 στρατεύματος
532 1083 710 1166 ἐξήπτοντο
727 1083 827 1149 πάλιν
842 1084 878 1149 οί
892 1085 1100 1151 Οὐολοῦσκοι

83 1199 144 1279 τοῦ
167 1187 315 1272 πολέμου
338 1188 396 1265 τάς
416 1212 453 1254 τε
476 1193 588 1265 πόλεις
607 1190 822 1276 φραξάμενοι,
846 1188 901 1255 καὶ
920 1197 954 1256 εῖ
968 1214 999 1256 τι
1018 1193 1099 1257 ἀλλο

84 1298 209 1379 χωρίον
232 1293 419 1377 ἐπιτήδειον
442 1291 485 1378 ῆν
509 1295 693 1378 ἀσφάλειαν
717 1301 814 1380 σφίσι
836 1309 1018 1384 παρασχεῖν
1042 1300 1098 1363 διά
1113 1318 1140 1357 ιο
1165 1385 1167 1390 Ι

84 1407 235 1485 φυλακῆς
252 1403 440 1485 κρείττονος
458 1405 601 1485 ἔχοντες·
625 1405 833 1485 συνήπτοντο
854 1399 888 1469 δ’
910 1405 1023 1482 αὐτοῖς
1040 1413 1100 1469 τοῦ

86 1508 249 1573 κινδύνου
280 1517 434 1590 φανερῶς
463 1503 524 1590 μὲν
539 1505 690 1591 Ἕρνικες
719 1507 774 1573 καί
797 1514 956 1593 Σαβῖνοι,
986 1512 1100 1596 κρύφα

87 1609 122 1678 δέ
145 1613 201 1679 καὶ
223 1614 335 1679 ἀλλων
359 1616 484 1701 συχνοί.
521 1618 662 1678 Λατῖνοι
687 1611 724 1678 δέ
746 1619 923 1698 πρεσβείας
941 1617 1022 1700 πρὸς
1041 1617 1100 1681 αύ-

86 1721 165 1795 τοὺς
188 1717 241 1784 ἐπὶ
265 1723 450 1804 συμμαχίας
469 1725 601 1801 αίτησιν
619 1719 824 1804 ἀφικομένης
843 1722 1003 1803 δήσαντες
1020 1724 1100 1797 τοὺς

10 1825 213 1910 1098άνδρας
236 1827 283 1902 είς
301 1823 429 1908 Ῥώμην
452 1827 589 1908 ήγαγον.
636 1818 686 1903 οἷς
708 1825 728 1908 ῆ
751 1828 857 1910 βουλή
880 1835 938 1910 τῆς
960 1807 1141 1920 βεβαίουῇ

84 1934 224 2007 πίστεως
246 1931 344 2014 χάριν
368 1930 576 1995 ἀποδιδοῦσα
599 1929 655 1995 καὶ
678 1934 726 1995 ἔτι
749 1936 875 2016 μᾶλλον
894 1940 952 2015 τῆς
975 1934 1022 2009 είς
1040 1934 1099 1997 τὸν

85 2036 197 2119 ἀγῶνα
211 2039 416 2121 προθυμίας·
448 2035 574 2119 ἕτοιμοι
588 2038 653 2118 γάρ
667 2033 752 2119 ἦσαν
767 2037 915 2103 ἑκούσιοι
934 2043 1097 2123 συμπολε-

83 2152 170 2224 μεῖν·
208 2141 226 2206 δ
259 2143 399 2226 μάλιστα
427 2138 489 2225 μὲν
512 2143 696 2224 βούλεσθαι
719 2142 841 2220 αὐτοὺς
864 2143 958 2232 ᾤετο,
983 2142 1026 2208 δι’
1050 2145 1100 2207 αί-

85 2249 209 2332 σχύνης
237 2245 267 2314 δ’
294 2252 381 2333 ἐχειν
404 2250 621 2331 αἰτήσασθαι,
653 2244 743 2312 τοῦτ’
771 2249 884 2327 αὐτοῖς
914 2250 1099 2336 ἐχαρίσατο,

83 2356 163 2430 τοὺς
194 2354 232 2419 ἐν
263 2365 332 2430 τοῖς
364 2351 521 2438 πολέμοις
552 2353 693 2430 ἁλόντας
725 2353 836 2419 αὐτῶν
869 2355 1097 2441 ἑξακισχιλίων
1113 2375 1140 2416 σο

85 2459 201 2542 ὀλίγον
224 2458 429 2536 ἀποδέοντας
451 2471 572 2542 προῖκα
597 2458 815 2544 δωρησαμένη
841 2459 895 2525 καὶ
917 2462 962 2538 ὡς
980 2461 1022 2526 άν
1040 2464 1100 2546 μά-

85 2572 180 2631 λιστα
202 2567 330 2650 κόσμον
349 2565 369 2648 ή
390 2566 500 2649 δωρεά
518 2567 729 2648 προσήκοντα
747 2573 787 2650 τῆ
808 2570 984 2653 συγγενείᾳ
1002 2567 1100 2650 λάβοι

84 2672 209 2748 πάντας
232 2671 353 2747 αὐτοὺς
377 2670 519 2755 ἐσθῆσιν
542 2670 731 2755 ἀμφιέσασα
755 2671 947 2758 ἐλευθέροις
971 2675 1100 2759 σώμασι

84 2777 297 2862 πρεπούσαις.
343 2786 401 2860 τῆς
429 2772 466 2842 δὲ
495 2781 680 2861 συμμαχίας
706 2774 808 2842 οὐδὲν
832 2778 914 2863 αὑτῆ
939 2782 1002 2863 ἔφη
1027 2782 1100 2846 δεῖν

83 2892 142 2966 τῆς
156 2866 313 2948 Λατίνων
333 2884 447 2959 ίκανάς
465 2881 609 2965 λέγουσα
627 2876 714 2946 είναι
731 2884 789 2959 τάς
808 2886 930 2962 οἰκείας
943 2893 982 2970 τῆ
992 2881 1098 2971 Ῥώμη
1114 2904 1139 2947 ιε

84 2989 243 3072 δυνάμεις
270 2987 465 3072 ἀμύνασθαι
491 2990 571 3064 τοὺς
599 2986 853 3072 ἀφισταμένους.
899 2988 991 3055 ταῦτ’
1018 2990 1099 3057 ἐκεί-

157 3152 173 3200 3
193 3144 300 3214 ἀνδρας
322 3144 499 3212 τριακοσίους
522 3159 544 3197 ο.
564 3142 708 3215 Kiessling
743 3147 920 3215 τριακοσίους
933 3128 1022 3206 ὐἱούς
1045 3162 1097 3215 ego

84 3222 101 3270 8
122 3214 152 3270 αι’
172 3215 237 3269 add.
257 3215 280 3267 B
354 3220 386 3268 13
410 3223 465 3268 τῶν
489 3213 579 3268 ἀλλων
598 3214 650 3267 DE
725 3223 758 3270 18
778 3217 966 3288 βουλεύεσθαι
986 3215 1008 3267 O
1027 3231 1096 3269 corr.

86 3287 209 3355 Sylburg
224 3286 228 3358 ή
244 3285 331 3339 verba
348 3283 414 3338 inde
434 3285 470 3338 ab
489 3281 558 3358 ᾤετο
577 3302 665 3354 usque
685 3287 780 3349 αὐτοῖς
799 3305 853 3341 om.
871 3286 921 3339 Bc
982 3291 1014 3338 19
1034 3285 1099 3339 τού-

85 3356 185 3420 τοιςΟ
222 3355 300 3412 τοῦτ’
322 3357 418 3418 αὐτοῖς
436 3355 539 3409 Reiske
630 3363 663 3410 22
688 3354 834 3426 ἣδωρεὰν
852 3353 1031 3426 προσήκοντα
1049 3363 1099 3424 τῆς

86 3429 249 3497 συγγενείας
267 3428 348 3500 λάβοι
366 3426 389 3479 Β
462 3433 496 3481 23
517 3423 666 3494 ἐσθήσεσιν
685 3427 735 3481 Bc
