2414 3840
502 198 664 248 -A-
1048 196 1090 261 91

69 360 226 439 τελευτῆς
259 356 377 435 ὁποίας
409 358 539 441 ἔτυχεν,
573 355 685 442 ἐπειδὴ
714 315 816 445 δολίην
844 353 875 422 τ’
907 357 1013 442 ἀπάτη
1036 355 1092 423 καὶ

69 465 322 548 στρατηγήματι
344 461 522 552 παραδόξῳ
545 464 781 549 κατειργάσθη,
807 460 851 529 δι’
874 464 998 548 ὀλίγων
1017 464 1091 550 ἐρῶ.

137 567 227 635 LIII.
262 572 369 647 Πόλις
393 565 437 654 ἦν
459 569 496 636 ἐκ
517 578 578 636 τοῦ
601 573 759 636 Λατίνων
780 570 901 655 γε’νους
920 569 1091 655 Ἀλβανῶν

69 673 243 753 ἀπόκτισις
273 674 442 761 ἀπέχουσα
470 686 529 761 τῆς
545 673 670 760 Ῥώμης
699 678 857 755 σταδίους
886 675 1005 744 ἑκατὸν
1037 675 1091 743 ἐπὶ

68 790 128 866 τῆς
155 783 205 859 είς
227 785 442 867 Πραίνεστον
465 784 634 868 φερούσης
656 784 740 850 ὁδοῦ
762 782 911 869 κειμένη·
943 787 1116 869 Γαβίουςε

68 887 178 972 αὐτὴν
206 887 364 956 ἐκάλουν·
399 898 464 955 νῦν
492 886 553 974 μὲν
582 888 693 955 οὐκέτι
720 889 965 975 συνοικουμένη
988 900 1089 974 πᾶσα,

68 995 158 1078 πλὴν
186 995 251 1059 ὅσα
278 991 361 1080 μέρη
389 997 629 1061 πανδοκεύεται
655 997 738 1061 κατά
764 997 826 1080 τὴν
854 998 987 1080 δίοδον,
1015 1000 1090 1063 τότε

69 1095 107 1165 δὲ
125 1099 398 1187 πολυάνθρωπος
415 1105 447 1168 εί
461 1104 521 1168 καί
531 1126 581 1180 τις
595 1103 678 1186 άλλη
692 1095 791 1188 <καὶ>
805 1103 940 1188 μεγάλη.
972 1106 1089 1187 τεκμή-

68 1229 164 1291 ραιτο
198 1205 230 1272 δ’
257 1209 300 1274 ἀν
330 1232 381 1286 τις
413 1210 514 1294 αὐτῆς
542 1211 580 1275 τὸ
608 1208 752 1294 μέγεθος
778 1207 833 1275 καὶ
860 1211 922 1293 τὴν
950 1208 1087 1288 ἀξίωσιν

68 1312 199 1398 ἐρείπια
226 1316 436 1400 θεασάμενος
468 1317 584 1381 οἰκιῶν
615 1320 763 1401 πολλαχῇ
793 1315 848 1382 καὶ
875 1319 1005 1402 τείχους
1031 1307 1089 1382 κύὲ
1103 1337 1129 1377 10

67 1424 167 1504 κλον,
198 1422 247 1486 ἔτι
273 1422 338 1508 γάρ
362 1421 498 1505 ἔστηκεν
521 1422 625 1488 αὐτοῦ
647 1424 689 1487 τά
710 1428 854 1489 πλεῖστα.
892 1427 940 1501 είς
961 1425 1122 1507 ταύτην2

18 1527 306 1613 ΠΙσυνερρύησαν
329 1529 556 1613 Πωμεντίνων
579 1552 615 1595 τε
637 1540 706 1596 τῶν
729 1529 765 1595 ἐκ
787 1528 942 1614 Συέσσης
966 1532 1087 1615 διαφυ·

65 1635 201 1716 γόντων
228 1633 332 1716 τινές,
361 1635 414 1700 ὅτε
442 1636 503 1718 τὴν
525 1638 625 1701 πόλιν
649 1636 760 1701 αὐτῶν
787 1638 973 1723 Ταρκύνιος
995 1659 1088 1702 κατε-

66 1738 204 1823 λάβετο,
237 1738 293 1805 καὶ
321 1749 390 1805 τῶν
418 1740 454 1805 ἐκ
477 1737 601 1825 Ῥύμης
630 1741 794 1826 φυγάδων
824 1745 955 1826 συχνοί·
994 1736 1087 1807 οὗτοι

67 1846 225 1930 δεόμενοι
256 1845 312 1912 καὶ
339 1852 558 1932 λιπαροῦντες
583 1852 771 1935 τιμωρῆσαί
796 1864 892 1932 σφισι
919 1849 999 1924 τοὺς
1022 1850 1127 1912 Poe-15

67 1955 165 2036 βίους
187 1949 244 2018 καὶ
261 1953 386 2029 πολλάς
402 1951 664 2038 ὑπισχνούμενοι
685 1954 820 2040 δωρεάς,
844 1956 876 2018 εί
891 1951 1087 2040 κατέλθοιεν

67 2042 192 2124 ἐπδτά
214 2056 373 2144 σφέτερα,
403 2061 464 2142 τήν
487 2081 523 2124 τε
546 2060 727 2126 κατάλυσιν
749 2070 810 2126 τοῦ
833 2061 1004 2146 τυράννου
1029 2062 1087 2125 δυ-

65 2166 174 2250 νατὴν
206 2165 451 2250 ἀποφαίνοντες
479 2162 535 2230 καὶ
563 2164 699 2252 ῥᾳδίαν,
732 2167 777 2244 ὡς
803 2164 859 2231 καὶ
885 2176 954 2230 τῶν
982 2165 1019 2230 ἐν
1045 2175 1085 2249 τῇ

65 2274 163 2338 πόλει
184 2269 458 2356 συλληψομένων,
482 2274 618 2337 ἔπεισαν
638 2272 760 2349 αὐτοὺς
778 2269 1086 2357 συμπροθυμηθέν-

65 2401 133 2444 των
166 2376 224 2444 καὶ
257 2379 496 2444 Οὐολούσκων·
543 2378 807 2464 ἐπρεσβεύσαντο
840 2379 903 2462 γάρ
935 2376 1084 2443 κάκεῖνοι
1098 2399 1124 2440 εο

65 2486 224 2570 δεόμενοι
243 2486 440 2570 συμμαχίας·
472 2486 533 2550 τὸν
550 2486 633 2550 κατά
650 2494 712 2550 τοῦ
729 2484 919 2570 Ταρκυνίου
937 2487 1084 2569 πόλεμον

67 2590 258 2674 ἀναλαβεῖν.
304 2589 456 2673 ἐγίνοντο
487 2591 528 2674 δὴ
559 2593 639 2676 μετά
668 2599 771 2656 ταῦτα
801 2591 956 2674 μεγάλοις
986 2598 1119 2678 σιμά-3

65 2699 229 2784 τεύμασιν
255 2698 302 2773 είς
328 2697 391 2780 την
414 2696 568 2780 ἀλλήλων
590 2707 654 2781 γῆν
677 2695 827 2781 εἰσβολαὶ
849 2694 905 2763 καὶ
922 2701 1084 2785 καταδρο-

64 2801 123 2888 μαὶ
146 2803 250 2888 μάχαι
271 2825 322 2886 τε,
352 2802 432 2889 ὅπερ
456 2805 559 2886 εἰκός,
582 2800 655 2869 τοτὲ
678 2801 739 2888 μὲν
762 2804 888 2887 ὀλίγοις
910 2808 994 2892 πρὸς
1016 2807 1084 2873 ὀλί-

63 2933 158 2993 γους,
181 2905 256 2974 τοτὲ
280 2905 316 2973 δὲ
339 2919 419 2974 πᾶσι
442 2911 526 2996 πρὸς
548 2912 684 2994 πάντας,
709 2911 745 2976 ἐν
769 2904 821 2988 αἶς
844 2912 1001 2989 πολλάκις
1020 2911 1081 2997 μὲν
1096 2934 1123 2974 τε

64 3017 100 3081 oc
110 3015 233 3099 Γάβιοι
251 3016 330 3092 τοὺς
347 3011 528 3101 Ῥωμαίους
545 3017 746 3103 τρεψάμενοι
765 3015 860 3103 μέχρι
878 3029 946 3084 τῶν
963 3031 1082 3104 τειχῶν

134 3236 370 3312 2ἔλαχίστωνΒ
462 3240 529 3299 δέκ
552 3246 659 3302 add.B
750 3245 835 3301 8καὶ
854 3247 918 3302 add.
937 3247 1082 3312 Kiessling

63 3321 95 3370 12
115 3316 297 3384 νωμεντίνων
315 3312 341 3366 A
401 3319 434 3368 13
453 3315 663 3389 κατελάβετοΒ
700 3315 867 3389 κατεβάλετο
887 3318 913 3369 R
971 3322 1004 3369 22
1025 3312 1081 3381 ἐγί-

61 3405 147 3441 νοντο
165 3385 189 3439 Β
227 3381 358 3508 ἐχίνοντο
377 3384 403 3438 R
418 3389 422 3453 Ι
438 3394 519 3442 τοῦτο
538 3387 561 3440 Β
643 3396 676 3444 23
696 3387 839 3458 είςδρομαδ
858 3386 907 3440 καὶ
925 3381 1080 3456 καταβολαὶ

61 3457 83 3513 0
102 3459 220 3528 praeter
333 3459 368 3509 24
386 3455 456 3526 πρὸς
474 3458 583 3529 ὀλίγους
602 3459 665 3516 add.
684 3459 707 3512 B
