2414 3840
144 167 208 231 122
570 176 732 223 -Δ-

209 331 337 396 LXXV.
356 329 418 398 Ὃν
437 329 473 397 δέ
492 335 618 418 τρόπον
637 335 727 398 ἐσται
746 334 874 398 τούτων
889 333 1040 418 ἕκαστον,
1061 335 1199 401 ἀκού-811

143 435 224 503 σατέ
253 457 333 522 μου·
374 439 505 518 συνάξω
538 436 600 523 μέν
631 438 695 522 ἐγὼ
727 441 789 524 τήν
821 439 1015 524 ἐκκλησίαν,
1048 442 1159 527 ὥσπερ

144 545 245 628 ἔφην,
275 543 387 627 ἐπειδὴ
411 548 662 630 συγκεχώρηταί
682 569 739 630 μοι
760 547 843 611 κατὰ
865 549 972 631 νόμον
995 545 1052 612 καὶ
1075 549 1162 631 γνύ·

143 673 210 733 μην
237 651 468 735 εἰσηγήσομαι·
504 653 643 737 φεύγειν
670 653 859 738 Ταρκύνιον
883 653 950 737 ἅμα
972 662 1044 730 τοῖς
1067 652 1160 719 παισὶ

110 753 198 820 ικαὶ
229 764 269 841 τή
301 756 434 839 γυναικὶ
465 759 592 835 πόλεως
623 781 659 823 τε
688 757 744 824 καὶ
772 759 882 845 χώρας
908 768 967 843 τής
989 757 1160 845 Ῥωμαίων

143 861 357 948 εἰργομένους
388 867 448 930 τὸν
476 862 526 930 ἀεὶ
553 867 677 951 χρόνον
703 863 759 931 καὶ
786 864 884 948 γένος
910 866 948 930 τὸ
976 863 1010 945 ἐξ
1033 867 1160 932 αὐτῶν·

143 969 224 1034 ὅταν
247 966 278 1033 δ’
301 968 526 1055 ἐπιψηφίσωσι
549 971 611 1054 τήν
633 970 771 1054 γνώμην
791 971 826 1036 οί
840 975 983 1052 πολῖται,
1007 973 1161 1057 δηλώσας

143 1075 257 1153 αὐτοῖς
274 1075 318 1159 ήν
337 1077 566 1162 διανοούμεθα
583 1080 853 1160 καταστήσασθαι
872 1080 1045 1143 πολιτείαν
1064 1096 1161 1164 μεσο-

143 1180 281 1265 βασιλέα
300 1180 437 1267 ἑλοῦμαι
455 1184 514 1248 τὸν
534 1181 751 1261 ἀποδείξοντα
764 1185 843 1259 τοὺς
856 1182 1160 1270 παραληψομένους

107 1289 183 1354 ιοτδι
211 1289 321 1372 κοινοί,
355 1286 410 1354 καὶ
437 1289 536 1366 αὐτὸς
564 1288 778 1374 ἀποθήσομαι
804 1290 866 1373 τήν
892 1300 960 1354 τῶν
988 1293 1161 1375 Κελερίων

107 1393 258 1478 2ίιρχήν.
296 1393 314 1460 ό
339 1392 376 1459 δέ
399 1392 617 1472 κατασταθείς
639 1390 695 1460 ὑπ’
717 1395 799 1479 ἐμοῦ
822 1398 1063 1480 μεσοβασιλεὺς
1082 1413 1161 1462 συν-

144 1500 279 1583 αγαγὼν
315 1502 376 1585 τήν
413 1507 539 1586 λοχῖτιν
576 1501 753 1585 ἐκκλησίαν
785 1501 980 1587 ὀνομασάτω
1012 1525 1050 1567 τε
1082 1504 1162 1580 τοὺς

144 1604 325 1690 μέλλοντας
351 1605 437 1686 ἕξειν
463 1609 525 1692 τήν
554 1606 725 1673 ἐνιαύσιον
752 1607 934 1692 ήγεμονίαν
961 1605 1018 1673 καὶ
1043 1618 1162 1694 ψήφου
1193 1678 1199 1689 ,

142 1708 227 1798 ὑπὲρ
255 1713 366 1778 αὐτῶν
393 1724 462 1790 τοῖς
484 1714 634 1791 πολίταις
658 1714 758 1779 δότω·
795 1713 855 1779 ἐὰν
877 1709 914 1778 δέ
937 1723 1007 1791 τοῖς
1028 1717 1163 1781 πλείοσι

109 1819 226 1906 ιιδόξη
250 1822 361 1904 λόχοις
382 1823 504 1906 κυρίαν
527 1815 614 1886 εἶναι
635 1820 697 1904 τήν
715 1831 784 1885 τῶν
802 1819 937 1906 ἀνδρῶν
956 1821 1089 1905 αἵρεσιν
1106 1819 1162 1886 καὶ

143 1927 184 1990 τὰ
212 1928 422 2011 μαντεύματα
444 1925 579 2010 γίνηται
607 1923 683 2012 περὶ
705 1926 816 1991 αὐτῶν
838 1926 938 2008 καλοί,
965 1930 1047 2003 τοὺς
1068 1927 1163 1994 πελέ·

143 2056 211 2109 κεις
241 2028 334 2097 οὗτοι
361 2034 609 2118 παραλαβόντες
635 2029 691 2096 καὶ
718 2033 759 2097 τὰ
786 2032 885 2097 λοιπιλ
908 2040 966 2116 τής
988 2035 1199 2119 βασιλικῆςεν

122 2208 125 2213 ,
144 2137 296 2217 ἐξουσίας
319 2140 471 2224 σύμβολα
492 2137 735 2225 πραττέτωσαν,
760 2139 848 2215 ὅπως
867 2136 1053 2224 ἐλευθέραν
1072 2142 1164 2224 οίκή-

144 2262 247 2330 σομεν
279 2246 340 2329 τήν
372 2247 515 2332 πατρίδα
546 2243 601 2310 καὶ
628 2243 744 2329 μηκέτι
771 2244 923 2310 κάθοδον
950 2242 1087 2324 ἕξουσιν
1115 2248 1164 2324 είς

106 2352 248 2436 εοαύτήν
267 2353 460 2439 Ταρκύνιοι·
482 2351 696 2439 πειράσονται
715 2351 789 2435 γάρ,
814 2345 852 2416 εὖ
870 2356 950 2432 ίστε,
972 2347 1029 2415 καὶ
1043 2358 1166 2418 πειθοῖ

144 2456 199 2524 καὶ
228 2462 285 2547 βίᾳ
312 2457 367 2525 καὶ
395 2461 483 2548 δόλῳ
510 2456 565 2524 καλ
593 2456 692 2523 παντὶ
719 2459 809 2545 ἄλλω
837 2459 948 2544 τρόπῳ
975 2464 1163 2543 παρελθεῖν

144 2565 246 2630 πόλιν
274 2563 327 2630 ἐπὶ
354 2565 416 2648 τήν
439 2566 656 2647 δυναστείαν,
684 2562 742 2629 ἐὰν
765 2564 809 2647 μή
833 2564 1080 2648 φυλαττώμεθα
1103 2564 1163 2630 αιἰ-

109 2671 232 2746 3τούς.
274 2668 380 2746 ,Ταυτὶ
408 2667 469 2755 μὲν
497 2665 559 2735 οὖν
582 2670 715 2736 ἐστιτὰ
739 2667 875 2756 μέγιστα
896 2667 952 2735 καὶ
974 2671 1164 2755 κυριώτατα

147 2771 194 2841 ὧν
217 2774 298 2858 ὑμῖν
322 2775 359 2840 ἐν
381 2782 426 2863 τῷ
450 2778 590 2861 παρόντι
614 2773 723 2858 λέγειν
745 2777 808 2860 ἔχω
830 2772 886 2841 καὶ
908 2787 1099 2861 παραινεῖν·
1122 2779 1163 2842 τίι

110 2878 184 2948 ιιδέ
207 2883 288 2946 κατὰ
310 2879 410 2968 μέρος
432 2882 538 2947 πολλὰ
562 2884 642 2947 ὄντα
665 2879 720 2947 καὶ
743 2882 785 2947 οὐ
804 2878 904 2969 ῥᾴδια
922 2890 987 2946 νῦν
1007 2878 1051 2946 δι’
1071 2883 1163 2970 ἀκρι-

145 2991 236 3072 βείας
263 2986 494 3072 ἐξετασθῆναι·
532 2991 728 3072 συνήγμεθα
756 2989 821 3074 γὰρ
849 2988 897 3066 είς
923 2989 1042 3075 καιρὸν
1067 2989 1163 3069 ὀξύν·

217 3215 325 3271 3κατδι
347 3212 380 3271 νό
382 3231 496 3285 μ.ουςο
520 3213 665 3284 Kiessling
754 3213 867 3286 θείργο
889 3213 955 3270 ἐνου
973 3215 999 3267 Α
1035 3212 1165 3286 εἰργομέ-

144 3309 197 3344 νου
180 3287 253 3350 υςΒ
330 3286 483 3352 θάποδείξ
469 3286 557 3352 ξαντα
575 3286 601 3338 Α
636 3286 790 3357 ἀποδείξοβ
767 3213 850 3357 βντα
960 3290 994 3339 10
1013 3289 1110 3357 κελλερ
1112 3289 1164 3342 ίων

148 3360 170 3412 Α
225 3364 257 3411 11
277 3359 411 3483 μεσοβρισ
401 3358 458 3412 λε
441 3377 473 3420 νς
491 3357 517 3410 R
550 3357 681 3482 βασιλεὺς
699 3356 722 3409 Β
737 3359 742 3426 Ι
759 3356 966 3426 σνναγαγὼνΒ
1002 3308 1119 3428 όιγαγὼν
1139 3359 1166 3412 R

147 3435 180 3482 14
199 3427 329 3484 δναδότω
373 3427 493 3498 iessling
511 3426 550 3481 du
572 3427 676 3482 tanter
749 3433 782 3482 18
801 3425 999 3498 οίκήσωμενΒ
