2414 3840
420 170 584 219 -Ε-
945 163 1010 230 247

42 341 147 414 ιγείν,
166 329 187 414 ἣ
205 330 331 405 πάντας
345 332 480 412 ἔμελλεν
493 327 580 407 ἕξειν
593 324 653 412 ὑφ’
671 326 770 413 ἑαυτῇ
783 328 864 404 τοὺς
876 329 1010 411 νόμους.

72 436 196 523 γράφει
213 436 460 521 προβούλευμα,
484 431 529 500 δι’
552 428 593 500 οὗ
612 431 912 520 παρακρουσαμένη
931 434 1047 510 τοὺς4

42 567 138 628 ιητας
169 539 226 608 καὶ
257 542 317 607 τὸν
349 543 549 625 βεβαιοῦντα
578 541 641 624 τὴν
668 540 864 626 ἐλευθερίαν
897 539 1011 616 αὐτοῖς

42 674 101 716 ιου
117 650 284 715 ἀνελοῦσα
298 651 428 714 ἔλαθεν.
455 643 499 732 ἦν
514 644 550 713 δὲ
564 649 601 712 τὸ
615 648 850 733 προβούλευμα
863 646 1011 712 τοιόνδε·

42 756 147 841 1ρκιον
170 751 231 840 μὲν
249 752 304 820 καὶ
318 758 478 820 Κλοίλιον
496 756 576 830 τοὺς
593 757 667 819 τότε
685 753 910 830 ὑπατεύοντας
929 753 1037 818 ἀπο-ι

42 869 123 928 σθαι
154 862 217 945 τὴν
249 858 420 943 ἐξουσίαν,
451 858 507 925 καὶ
540 867 573 925 εί
598 882 648 936 τις
676 860 775 936 ἀλλος
802 859 908 945 ἀρχήν
935 882 1011 924 τινα

43 991 83 1034 ευ
111 967 133 1052 ἣ
156 968 358 1053 πραγμάτων
381 978 485 1032 τινῶν
507 976 631 1032 κοινῶν
654 964 854 1050 ἐπιμέλειαν·
891 964 952 1031 ἕνα
976 961 1007 1030 δ’

42 1075 116 1161 δρα,
140 1073 181 1140 ὃν
204 1072 246 1138 διν
269 1075 290 1156 ἥ
312 1097 348 1138 τε
371 1074 476 1156 βουλὴ
499 1071 678 1157 προέληται
699 1068 755 1136 καὶ
778 1071 796 1137 ὁ
821 1073 925 1156 δῆμος
943 1070 1012 1137 ἐπι-

42 1186 145 1266 φίσῃ,
177 1180 240 1264 τὴν
267 1179 424 1244 ἁπάντων
452 1176 606 1256 ἐξουσίαν
633 1179 869 1264 παραλαβόντα
896 1178 1012 1263 ἄρχειν

53 1290 194 1353 πλείονα
207 1288 332 1371 χρόνον
347 1283 522 1369 ἑξαμήνου,
537 1287 709 1368 κρείττονα
723 1283 879 1363 ἐξουσίαν
893 1285 1012 1369 ἔχοντα
1026 1303 1053 1343 ιο

42 1415 64 1456 ν
86 1393 232 1458 ὑπάτων.
273 1386 364 1457 τοῦτ’
385 1391 618 1474 ἀγνοήσαντες,
642 1391 685 1474 ἣν
709 1394 775 1476 ἔχει
799 1393 954 1476 δύναμιν,
978 1390 1014 1456 οί
1025 1392 1047 1458 5

42 1496 172 1581 μοτικολ
189 1499 390 1583 ψηφίζονται
408 1498 508 1578 κύρια
527 1493 613 1562 είυαι
626 1498 667 1562 τά
681 1497 823 1575 δόξαντα
836 1505 876 1582 τῇ
891 1501 1012 1582 βουλῇ·

69 1599 104 1670 δ’
135 1606 200 1688 ἀρα
227 1604 247 1687 ἡ
270 1606 429 1689 κρείττων
452 1603 535 1688 ἀρχὴ
557 1613 615 1687 τῆς
637 1603 719 1667 κατὰ
742 1602 863 1686 <τοὺς>
885 1607 1012 1688 νόμους

42 1714 169 1796 ραννίς·
200 1711 262 1793 τήν
289 1732 324 1775 τε
352 1709 481 1795 αἵρεσιν
507 1718 569 1775 τοῦ
597 1707 776 1793 μέλλοντος
804 1711 918 1794 ἀρχειν
940 1720 1012 1788 τοῖς

43 1826 107 1882 τοῦ
122 1817 304 1902 συνεδρίου
319 1816 557 1901 συνεχώρησαν
576 1814 689 1891 αὐτοῖς
707 1809 761 1899 ἐφ’
784 1813 911 1881 ἑαυτῶν
930 1818 1010 1899 βον-
1024 1833 1052 1875 ιε

42 1921 191 2009 ιομένοις
211 1926 426 2007 ποιήσασθαι.

63 2029 179 2095 LXXI.
211 2031 308 2094 Μετά
338 2038 437 2094 τοῦτο
469 2029 574 2112 πολλὴ
607 2029 736 2111 ζήτησις
763 2026 914 2093 ἐνέπιπτε
941 2037 1012 2106 τοῖς

42 2138 219 2218 οεστηκόσι
247 2144 306 2219 τῆς
332 2138 456 2219 βουλῆς
481 2132 538 2199 καὶ
560 2136 702 2219 πρόνοια
724 2130 800 2219 περὶ
823 2143 884 2199 τοῦ
906 2155 1012 2221 παρα-

42 2240 190 2326 ψομένου
222 2242 284 2324 τὴν
315 2241 506 2325 ἡγεμονίαν.
553 2240 661 2306 ἐδόκει
693 2241 757 2324 γὰρ
790 2240 904 2318 αὐτοῖς
932 2243 1012 2324 δρα-

42 2351 137 2435 ιγρίου
164 2344 194 2412 τ’
226 2347 350 2433 ἀνδρὸς
377 2349 424 2424 είς
446 2349 487 2413 τά
510 2347 684 2433 πράγματα
708 2348 780 2412 δεῖν
803 2345 859 2412 καὶ
880 2349 1010 2432 πολλὴν
1024 2367 1053 2407 ιο

44 2479 65 2519 ν
94 2459 283 2537 πολεμικῶν
311 2453 453 2536 ἀγώνων
480 2453 652 2538 ἐμπειρίαν
681 2456 829 2538 ἔχοντος,
862 2455 946 2540 πρὸς
975 2450 1013 2520 δέ

42 2562 129 2637 ῦτοις
153 2562 322 2645 φρονίμου
344 2582 379 2624 τε
401 2558 456 2625 καὶ
475 2561 653 2645 σώφρονος
670 2558 725 2625 καὶ
744 2557 849 2645 μηδὲν
868 2560 932 2626 ὑπὸ
950 2570 1013 2627 τοῦ

42 2665 164 2751 γέθους
190 2675 248 2749 τῆς
275 2663 426 2744 ἐξουσίας
454 2665 507 2732 ἐπὶ
528 2667 566 2730 τὸ
590 2665 734 2750 ἀνόητον
757 2666 1014 2754 παραχθησομέ-

42 2792 74 2838 υ·
98 2768 182 2857 ὑπὲρ
206 2772 335 2837 ἅπαντα
359 2769 396 2838 δέ
418 2781 522 2837 ταῦτα
544 2770 600 2838 καὶ
622 2767 724 2838 τᾶλλα
748 2773 812 2840 ὅσα
835 2773 887 2839 δεῖ
908 2791 1012 2857 προσ-

42 2903 85 2944 ιαι
113 2878 349 2963 στρατηλάταις
374 2877 515 2962 ἀγαθοῖς
547 2879 661 2964 ἀρχειυ
694 2879 858 2965 ἐγκρατῶς
885 2881 1013 2958 είδότος
1027 2896 1055 2939 2⁶

44 2983 56 3049 λ
82 2981 193 3070 μηθὲν
221 2984 369 3068 μαλακὸν
397 2985 605 3062 ἐνδώσοντος
631 2995 701 3062 τοῖς
727 2984 943 3070 ἀπειθοῦσιν,
972 2981 1014 3052 οὗ

42 3091 140 3155 Ξλιστα
169 3089 205 3156 ἐν
232 3097 277 3178 τῷ
306 3093 446 3176 παρόντι
474 3089 617 3156 ἐδέοντο.
663 3091 792 3157 ἅπαντα
816 3089 847 3157 δ’
870 3092 1049 3179 ὁρῶντες2

72 3286 87 3335 λ
106 3290 191 3337 τινῶν
211 3281 312 3337 εδδΒ
363 3288 379 3337 8
397 3284 464 3351 post
482 3283 569 3353 δῆμος
588 3282 689 3336 lacuna
708 3289 778 3337 8—9
797 3282 853 3337 litt.
872 3282 903 3335 in
919 3297 974 3335 ras.
989 3280 1015 3334 A

42 3355 204 3422 ιψηφίσεται
222 3352 248 3406 Α
284 3349 485 3423 ἐπιψηφίσῃΒ
542 3360 574 3408 13
594 3352 667 3407 κατὰ
685 3351 825 3424 υόμουςΟ
862 3349 936 3406 κατὰ
949 3351 1016 3415 τοδε

42 3440 104 3490 μους
121 3423 224 3478 Reiske
300 3431 332 3479 14
350 3426 518 3494 τυραννίδος
536 3424 559 3479 0
595 3426 728 3494 τυραννίς
746 3421 890 3491 Kiessling
