2414 3840
436 175 601 225 -E-
967 173 1030 239 197

39 330 80 398 αὶ
100 338 172 413 τοὺς
199 333 322 401 ἑαυτοῦ
349 337 499 410 πολίτας.
514 333 576 399 οὐκ
603 338 655 399 είιι
683 335 782 418 κύρια
806 329 953 402 εἶναιτὰ
977 338 1032 402 δό

38 461 116 507 αντα
136 452 206 519 τοῖς
228 443 344 518 ἄλλοις
365 441 531 524 ήγείσθαι.
567 440 693 523 ταύτην
717 440 878 526 ὀρρωδῶν
900 443 962 527 τήν
982 444 1067 509 δί-5

38 568 92 633 ην·
125 550 194 614 ἔδει
216 548 281 635 γδιρ
305 547 409 631 αὐτήν
431 546 498 613 ὑπὸ
521 557 589 613 τῶν
611 549 723 614 ἄλλων
747 549 951 634 δικασθῆναι
973 552 1032 616 πό-

38 673 113 722 εων·
150 655 330 740 ἀναλαβὼν
361 656 402 720 τδι
434 656 585 740 χρήματα
618 653 673 721 καί
704 658 784 734 τοὺς
811 658 933 741 φίλους
962 667 1032 735 τοῖς

38 767 180 849 ’ωμαίοις
196 764 414 848 προστίθεται
433 761 541 847 ῥοπήν
559 761 588 828 τ’
608 763 648 828 οὐ
667 764 789 849 μικρὰν
808 765 855 842 είς
873 766 914 830 τὰ
927 766 1058 851 πρόγ-5

38 852 99 936 ατα
120 867 266 955 παρέσχε
288 867 427 934 καὶτοῦ
449 875 714 956 κατορθωθῆναι
736 871 835 935 τόνδε
858 872 918 936 τὸν
935 875 1033 939 πόλε-

38 1001 77 1043 ον
109 975 267 1041 ἁπάντων
300 975 415 1054 ἔδοξεν
447 977 639 1054 αἰτιώτατος
668 974 840 1061 γενέσθαι·
879 974 958 1043 ἀνθ’
986 973 1034 1044 ὧν

56 1083 167 1168 βουλή
195 1079 251 1148 καί
284 1081 302 1147 ὁ
331 1084 434 1168 δῆμος
461 1089 509 1161 είς
536 1106 571 1148 τε
599 1085 678 1161 τοὺς
706 1085 902 1170 πατρικίους
929 1085 1033 1150 αὐτὸν

38 1189 174 1278 ιέγραψε
203 1187 261 1255 καὶ
292 1197 351 1274 τῆς
377 1192 505 1267 πόλεως
532 1200 654 1274 μοίραν
687 1174 798 1256 είασέν
826 1191 910 1275 ὅσην
938 1191 1033 1275 έβοό-

38 1321 86 1365 πο
120 1300 238 1380 λαβείν
273 1298 320 1374 είς
350 1297 559 1380 κατασκευήν
587 1299 703 1362 οίκιόιν
737 1298 850 1385 χώραν
884 1293 913 1363 τ’
942 1299 1031 1387 αὐτῷ
1047 1316 1073 1356 10

38 1402 224 1492 ροσέθηκεν
246 1403 283 1470 ἐκ
304 1411 363 1487 τῆς
386 1405 548 1488 δημοσίας
569 1405 631 1488 τήν
654 1403 775 1490 μεταξὺ
802 1407 952 1490 Φιδήνης
978 1404 1033 1472 καὶ

38 1513 186 1595 ίικετίας,
216 1510 262 1588 ὡς
289 1512 359 1594 ἔχοι
383 1511 550 1594 διανεῖμαι
573 1513 718 1597 κλήρους
740 1512 843 1577 όίπασι
866 1510 1034 1599 τοῖςπερὶ

38 1618 129 1701 ότόν,
152 1614 211 1702 ἀφ’
231 1612 279 1683 ὧν
301 1614 358 1682 καὶ
381 1619 471 1701 φυλή
494 1640 544 1694 τις
563 1615 693 1701 ἐγένετο
713 1619 777 1682 σὺν
795 1621 906 1705 χρόνω
921 1622 1034 1684 Κλαυ-

38 1727 69 1791 ία
95 1721 286 1809 καλουμένη
315 1722 371 1789 καί
394 1721 506 1808 μέχρις
530 1722 612 1808 ἐμοῦ
636 1720 780 1808 διέμεινε
802 1725 840 1789 τὸ
864 1724 946 1790 αὐτὸ
969 1749 1033 1810 φυ·

38 1832 178 1898 ίττουσα
202 1832 317 1915 ὄνομα.
1046 1847 1071 1890 ιε

80 1937 234 2003 ΧΧΧΧΙ.
262 1934 353 2003 Ἐπεὶ
385 1934 423 2003 δὲ
454 1937 702 2024 παρεσκεύαστο
734 1936 863 2003 ἅπαντα
891 1937 1034 2024 ἀμφοτέ-

38 2067 102 2130 οις,
126 2055 260 2130 πρῶτον
284 2039 346 2128 μὲν
370 2043 489 2128 ἐξῆγον
510 2045 545 2110 oc
557 2047 702 2128 Σαβίνοι
721 2046 779 2121 τὰς
797 2045 956 2130 δυνάμεις
978 2041 1034 2111 καὶ

38 2160 191 2218 οιοῦνται
206 2151 270 2216 δύο
284 2152 495 2236 παρεμβολὰς
509 2153 589 2235 μιάν
605 2147 667 2235 μέν
681 2151 853 2238 ὕπαιθρον
868 2151 909 2217 οὐ
918 2153 1033 2237 πρόσω
1059 2206 1062 2211 .

38 2259 182 2342 ἱιδήνης,
210 2255 326 2344 ἑτέραν
354 2251 385 2323 δ’
407 2257 444 2323 έν
468 2256 551 2342 αὐτῆ
577 2258 709 2343 Φιδήνη
734 2264 887 2344 φυλακῆς
909 2281 944 2323 τε
966 2269 1034 2324 τῶν

38 2367 116 2432 νδον
143 2363 241 2430 ἕνεκα
268 2360 324 2428 καὶ
350 2372 544 2448 καταφυγῆς
570 2374 638 2428 τῶν
668 2363 730 2442 ἔξω
754 2364 1034 2447 στρατοπεδευόν-
1048 2381 1075 2435 2⁰

38 2496 99 2555 ων,
129 2473 172 2536 όίν
199 2495 232 2536 τι
259 2467 395 2554 γένηται
421 2481 567 2555 πταῖσμα
589 2468 666 2556 περὶ
689 2470 821 2548 αὐτούς.
867 2473 978 2538 ἔπειτα
1002 2473 1037 2538 οί

38 2589 82 2644 όν
99 2574 272 2662 Ῥωμαίων
294 2576 415 2642 ὕπατοι
438 2580 605 2661 μαθόντες
628 2580 691 2661 τήν
713 2586 780 2642 τῶν
797 2580 958 2661 Σαβίνων
981 2578 1035 2644 έπί

38 2695 103 2770 ’γᾶς
131 2687 247 2750 ἔλασιν
275 2682 331 2750 καί
359 2681 455 2750 αὐτοὶ
477 2685 603 2762 πάντας
625 2687 763 2769 όίγοντες
786 2688 864 2764 τοὺς
887 2685 924 2752 έν
948 2685 1034 2772 ἀκμή

38 2791 337 2880 ’τρατοπεδεόονται
355 2788 456 2876 χωρίς
471 2789 635 2876 ἀλλήλων,
655 2789 838 2879 Οὐαλέριος
851 2789 913 2878 μὲν
928 2792 1033 2878 ἀγχοῦ

38 2905 70 2982 ῆς
98 2899 274 2984 ὑπαίθρου
296 2906 364 2962 τῶν
387 2899 549 2981 Σαβίνων
572 2902 797 2984 παρεμβολῆς,
825 2902 1034 2986 Λουκρήτιος
1048 2917 1075 2958 2⁵

38 2999 49 3026 ''
69 3006 188 3089 ὀλίγον
212 3005 352 3069 ἄπωθεν
375 3000 425 3070 ἐπ’
448 3005 555 3089 ὄχθου
578 3007 684 3088 τινός,
707 3005 790 3071 όθεν
812 3001 856 3090 ήν
880 3007 898 3073 ὁ
922 3005 1068 3092 έτερος2

38 3111 116 3200 ίροιξ
140 3112 344 3195 καταφανής.
379 3110 400 3194 ἡ
424 3106 486 3196 μέν
509 3106 571 3177 οὖν
594 3122 661 3178 τῶν
675 3108 847 3197 Ῥωμαίων
868 3113 1034 3196 ὑπόληψις

85 3311 103 3359 4
126 3310 186 3367 τοῖς
210 3301 352 3375 Ῥωμαίων
380 3306 562 3376 προςτίθεται
590 3306 716 3368 πολίταις
737 3304 763 3358 Α
806 3310 865 3366 τοῖς
887 3301 1032 3370 Ῥωμαίοις

38 3375 244 3446 ροςτίθεταιΒ
289 3377 416 3438 πολίταις
439 3376 620 3446 superscript.
717 3380 749 3430 19
775 3373 853 3430 δὲΒ
927 3376 961 3424 20
982 3365 1032 3424 καί

38 3447 112 3502 n.B
187 3453 221 3502 27
241 3445 424 3520 δποληψ<ις)
442 3447 489 3501 Bb
