2414 3840
501 173 663 229 ..ῚΔ-

73 327 236 412 αἰσχύνης
262 325 284 411 ή
308 330 385 411 βίον
409 320 478 411 μετ’
506 327 728 412 εὐδαιμονίας.
774 330 820 393 Εί
840 326 902 412 μὲν
924 331 988 412 γάρ
1011 330 1126 397 ὑπο-2

73 443 195 519 μενεῖς,
215 435 295 517 ἔφη,
313 435 522 519 χαρίσασθαί
536 456 603 518 μοι,
622 434 765 518 γυναῖκά
783 450 820 500 σε
839 439 1019 521 ποιήσομαι
1037 436 1089 502 καὶ

73 539 286 623 βασιλεύσεις
313 540 378 605 σὺν
406 537 479 624 ἐμοὶ
504 548 569 604 νῦν
592 537 654 623 μὲν
676 536 715 623 ής
738 540 756 605 δ
780 543 886 625 πατήρ
910 565 966 625 μοι
990 543 1091 608 ἔδωκε

30 649 213 729 ιοοπόλεως,
238 646 319 731 μετδι
342 641 379 711 δὲ
397 646 459 729 τήν
478 645 608 712 ἐκείνου
626 648 782 731 τελευτήν
797 643 966 732 Ῥωμαίων
984 671 1018 714 τε
1037 647 1091 714 καὶ

74 756 235 818 Λατίνων
263 750 318 816 καί
344 755 529 838 Τυρρηνῶν
552 749 697 817 καὶτῶν
720 754 830 818 ἀλλων
854 754 943 819 ὅσων
967 754 1118 834 ἐκείνοςι

74 860 179 943 ἀρχει.
212 857 278 941 ἐγὼ
301 859 365 943 γὰρ
385 853 463 942 οἷδ’,
487 859 538 924 ὅτι
556 860 792 943 παραλήψομαι
810 861 871 944 τήν
890 870 950 925 τοῦ
969 864 1091 945 πατρὸς

75 966 266 1049 βασιλείαν,
290 964 400 1049 ὥσπερ
423 962 492 1031 ἐστὶ
515 968 662 1048 δίκαιον,
691 977 759 1030 τῶν
781 967 866 1030 υίῶν
889 966 991 1032 αὐτοῦ
1015 990 1091 1051 πρε-

75 1072 242 1155 σβύτατος
265 1071 322 1137 ῶν.
360 1071 422 1136 ὅσα
445 1066 479 1136 δ’
505 1071 645 1158 ὑπάρχει
668 1083 737 1149 τοῖς
755 1076 949 1156 βασιλεῦσιν
968 1073 1090 1157 ἀγαθά,

76 1173 125 1243 ὧν
158 1175 316 1243 ἁπάντων
348 1180 406 1263 έση
439 1181 504 1244 σὺν
536 1175 609 1263 ἐμοὶ
635 1181 750 1262 κυρία,
781 1181 816 1241 τί
842 1179 895 1244 δεί
920 1195 957 1244 σε
984 1185 1091 1257 καλῶς

75 1281 300 1369 ἐπισταμένην
320 1283 505 1363 διδάσκειν;
529 1286 561 1350 εί
578 1279 609 1349 δ’
627 1284 856 1368 ἀντιπράττειν
875 1268 1131 1382 έπιχειρήσειςῇ

76 1391 196 1469 σώζειν
223 1389 410 1475 βουλομένη
440 1392 478 1456 τὸ
507 1402 660 1476 σῶφρον,
690 1391 857 1458 ἀποκτενῶ
886 1410 924 1458 σε
946 1391 1000 1458 καὶ
1023 1404 1090 1459 τῶν

75 1499 299 1581 θεραπόντων
318 1496 581 1582 ἐπικατασφάξας
599 1497 658 1562 ἕνα
677 1500 774 1581 θήσω
793 1499 832 1562 τὰ
848 1500 982 1582 σώματα
997 1500 1091 1584 ὑμῶν

75 1603 144 1687 ἅμα
167 1600 224 1668 καὶ
247 1606 343 1688 φήσω
367 1605 572 1687 κατειληφὼς
595 1603 850 1689 ἀσχημονοῦσάν
873 1622 911 1671 σε
934 1609 1013 1690 μετὰ
1031 1615 1091 1672 τοῦ

75 1709 205 1775 δούλου
228 1716 472 1796 τετιμωρῆσθαι
493 1711 555 1795 τήν
578 1719 639 1776 τοῦ
660 1718 844 1794 συγγενοῦς
862 1711 962 1793 ὕβριν
980 1734 1091 1797 μετερ-

75 1818 232 1901 χόμενος,
256 1812 333 1880 ὥστ’
360 1817 500 1903 αἰσχράν
522 1814 577 1881 καὶ
596 1815 823 1882 ἐπονείδιστόν
847 1834 910 1882 σου
933 1815 1091 1899 γενέσθαι
1105 1837 1131 1877 15

75 1923 138 2005 τήν
170 1921 329 2005 τελευτήν
357 1920 413 1986 καὶ
445 1920 528 2007 μηδὲ
559 1932 668 2007 ταφῆς
698 1924 736 1988 τὸ
769 1924 862 2007 σῶμά
890 1939 952 1989 σον
979 1935 1091 2009 τυχεῖν

77 2023 158 2112 μηδ’
188 2029 294 2093 ἀλλον
320 2039 388 2093 τῶν
415 2031 566 2114 νομίμων
594 2030 745 2113 μηδενός.
785 2026 841 2106 Ὡς
864 2025 900 2094 δὲ
923 2033 1027 2107 πολὺς
1049 2027 1127 2115 ήν4

78 2133 224 2200 ἀπειλῶν
246 2131 283 2199 θ’
306 2135 373 2218 ἀμα
398 2132 453 2199 καὶ
476 2134 662 2218 ἀντιβολῶν
689 2133 744 2200 καὶ
768 2137 990 2221 διομνύμενος
1013 2136 1090 2220 άλη-

77 2242 196 2306 θεύειν
219 2251 286 2305 τῶν
309 2240 498 2324 λεγομένων
521 2240 687 2326 ἑκάτερον,
711 2244 758 2318 είς
779 2241 927 2325 ἀνάγκην
945 2237 1089 2326 ήλθενή

76 2350 270 2432 Λουκρητία
302 2350 492 2430 φοβηθεῖσα
524 2349 585 2432 τήν
617 2346 692 2431 περὶ
724 2348 783 2411 τὸν
814 2347 967 2413 θάνατον
995 2346 1090 2435 ἀσχη-
1105 2368 1131 2408 ιο

76 2452 231 2537 μοσύνην
255 2447 341 2530 εἶξαί
357 2475 392 2517 τε
410 2451 465 2518 καὶ
482 2455 645 2540 περιιδεῖν
664 2453 767 2519 αὐτὸν
786 2452 806 2518 ἀ
824 2463 1002 2539 προηρείτο
1022 2456 1091 2520 δια-

75 2557 298 2642 πραξάμενον.
521 2544 522 2547 ¹

30 2676 75 2728 800
141 2663 261 2729 LXVL
289 2660 433 2751 Ἡμέρας
460 2663 497 2732 δὲ
524 2663 706 2751 γενομένης
732 2665 750 2732 ὁ
773 2663 835 2751 μὲν
858 2666 911 2732 ἐπὶ
933 2669 970 2732 τὸ
995 2685 1092 2753 στρα-

75 2771 221 2836 τόπεδον
253 2767 351 2856 ἀπήει
381 2773 533 2858 πονηρὰν
562 2769 618 2838 καὶ
646 2771 805 2856 ὀλέθριον
832 2772 1014 2858 ἐπιθυμίαν
1041 2775 1091 2841 ἐ-

74 2877 310 2963 πεπληρωκῶς,
333 2877 355 2961 ή
379 2874 416 2943 δὲ
429 2881 621 2963 Λουκρητία
646 2879 763 2955 δεινῶς
782 2878 931 2963 φέρουσα
950 2881 987 2945 τὸ
1007 2898 1088 2966 συμ-
1103 2899 1129 2940 ιι

75 2984 219 3067 βεβηκὸς
239 2983 284 3060 ὡς
302 2978 369 3068 εἶχε
386 2985 507 3069 τάχους
525 2984 666 3068 ἐπιβᾶσα
683 2993 741 3068 τής
758 2984 885 3070 ἀπήνης
904 2987 951 3063 είς
964 2982 1091 3072 Ῥώμην

74 3087 193 3178 ᾤχετο,
216 3087 377 3174 μέλαιναν
400 3090 525 3175 ἐσθῆτα
547 3090 790 3178 περιβαλομένη
814 3089 870 3157 καὶ
893 3090 1042 3176 ξιφίδιόν
1060 3116 1091 3155 τι

148 3288 164 3336 1
183 3281 335 3352 ὑπομενεῖς
353 3299 387 3337 ex
404 3280 584 3353 θπομενέσεις
602 3283 625 3336 Β
703 3290 736 3339 19
754 3277 825 3352 ήλθε
844 3284 867 3337 Β
953 3289 986 3335 21
1006 3277 1093 3346 είξσήή

73 3354 122 3480 {313
149 3349 237 3479 Βεέξει
260 3353 307 3407 Bb
332 3356 337 3423 Ι
362 3351 606 3424 διαπραττόμενον
629 3371 651 3410 ο.
675 3353 779 3408 Reiske
875 3359 909 3408 24
933 3347 1089 3416 ἐπιθυμίαν
