2414 3840
504 170 665 221 ..ς-

80 354 146 414 της.
189 328 242 395 ἐπὶ
270 331 399 395 τούτων
422 334 566 414 Σαβῖνοι
593 331 694 396 πάλιν
722 328 774 395 ἐπὶ
792 326 974 415 Ῥωμαίους
997 347 1093 415 στρα-

37 438 158 506 ιιετιάν
181 435 310 520 ἐξάγειν
333 440 466 522 μείζονα
488 437 781 523 παρεσκευάζοντο,
807 435 861 502 καὶ
887 439 1094 503 Μεδυλλῖνοι

78 540 250 628 Ῥωμαίων
278 543 479 620 ἀποστάντες
501 545 584 627 πρὸς
606 545 643 608 τὸ
667 546 827 627 Σαβίνων
850 546 952 620 ε”θνος
975 545 1095 628 ὅρκους

83 650 283 731 ἐποιήσαντο
301 647 376 735 περὶ
395 653 589 734 συμμαχίας.
621 653 874 735 πυνθανόμενοι
893 649 930 716 δὲ
947 653 1009 734 τὴν
1025 652 1131 719 διά-2

82 780 181 821 νοιαν
206 755 318 819 αὐτῶν
341 755 377 819 οί
396 759 562 839 πατρίκιοι
584 757 867 840 παρεσκευάζοντο
891 759 947 822 6ιά
969 757 1122 841 ταχέωνε

83 861 206 941 ἐξιέναι
237 869 454 947 πανστρατιᾷ·
491 863 529 926 τὸ
562 860 599 927 δὲ
631 864 811 946 δημοτικὸν
839 863 900 948 οὐχ
927 863 1096 947 ὑπήκουεν

83 969 208 1050 αὐτοῖς,
232 965 303 1034 ἀλλ’
326 967 570 1052 ἐμνησικάκουν
589 977 647 1052 τῆς
664 972 868 1052 ψευσθείσης
886 969 1000 1046 αὐτοῖς
1017 975 1096 1035 πολ-

83 1077 177 1151 λάκις
200 1074 409 1159 ὑποσχέσεως
431 1074 507 1161 περὶ
529 1085 596 1140 τῶν
621 1074 811 1160 ἐπικουρίας
829 1075 999 1160 δεομένων
1017 1075 1096 1140 ἀπό-

83 1206 167 1267 ρων,
198 1181 356 1246 τάναντία
379 1181 572 1265 ἐπαγόντων
593 1193 661 1247 τῶν
684 1180 733 1248 ἐπ’
756 1182 894 1260 ἐκείνοις
916 1181 1096 1266 ψηφιζομέ-

82 1313 162 1354 νων.
208 1284 279 1352 κατ’
302 1288 438 1372 ὀλίγους
467 1286 504 1354 δὲ
532 1291 770 1373 συλλεγόμενοι
797 1290 909 1375 ὅρκοις
933 1288 1096 1374 ἀλλήλους
1109 1311 1136 1350 ιο

82 1395 334 1478 κατελάμβανον
352 1392 435 1479 ὑπὲρ
454 1404 514 1460 τοῦ
533 1396 646 1479 μηκέτι
665 1395 877 1479 συνάρασθαι
895 1407 965 1474 τοῖς
983 1417 1096 1481 πατρι-

83 1503 169 1576 κίοις
200 1499 347 1585 πολέμου
380 1503 523 1586 μηθενὸς
548 1497 627 1567 καθ’
654 1500 712 1566 ἕνα
743 1513 811 1566 τῶν
843 1503 978 1588 ἀπόρων
1009 1526 1097 1569 κατι-

36 1609 267 1690 119σχυόμενοι
288 1617 384 1692 κοινῇ
407 1606 462 1673 καὶ
485 1609 568 1692 πρὸς
590 1610 668 1684 τοὺς
691 1606 953 1690 ἐντυγχάνοντας
971 1612 1097 1693 βοηθη-

85 1728 211 1789 σαντες.
235 1711 290 1779 καὶ
305 1714 431 1797 ἐγίνετο
446 1719 592 1798 πολλαχῇ
608 1709 669 1797 μὲν
682 1710 737 1778 καὶ
751 1714 833 1797 άλλη
848 1714 885 1778 τὸ
901 1714 1097 1797 συνώμοτον

85 1817 122 1884 ἐν
149 1818 343 1903 ἁψιμαχίαις
366 1821 476 1901 λόγων
498 1816 611 1884 τεκαὶ
635 1821 743 1904 ἔργων
766 1817 926 1903 ἐμφανές,
956 1819 1097 1902 μάλιστα
1111 1838 1138 1878 ιο

86 1917 116 1988 θ’
138 1924 285 2008 ἐδήλωσε
307 1935 377 2002 τοῖς
399 1925 546 2008 ὑπάτοις,
571 1924 684 2007 ἐπειδὴ
708 1923 750 1989 οὐ
772 1920 963 2009 προσῄεσαν
986 1924 1022 1988 oc
1040 1947 1096 1988 κα-

85 2031 244 2115 λούμενοι
271 2033 354 2117 πρὸς
375 2032 437 2115 την
460 2033 709 2117 στρατολογίαν.
756 2031 965 2116 συναρπάσαι
989 2031 1132 2116 <γάρ>3

52 2158 55 2163 “
84 2137 245 2203 τινὰτῶν
263 2137 299 2203 ἐκ
317 2145 378 2202 τοῦ
397 2138 505 2221 θημου
523 2136 751 2202 κελευσάντων
770 2136 806 2201 oc
822 2134 958 2219 πένητες
976 2134 1098 2220 ἀθρόοι

157 2301 173 2348 2
198 2292 364 2363 μεθολληνοὶ
388 2295 411 2346 A
455 2291 639 2362 μεθυλῐνοιΒ
712 2299 728 2347 9
751 2290 1028 2361 *ἀντιθιεπαγόντων
1047 2290 1070 2346 Ο
1092 2292 1096 2364 χ

85 2362 155 2418 *ὑπ’
177 2359 296 2427 ἐκείνοις
313 2364 366 2417 ΑΒ
402 2361 474 2433 ὑπὲρ
497 2359 617 2426 ἐκείνοις
633 2363 687 2416 DE
723 2363 818 2418 locum
840 2365 913 2416 hunc
935 2361 1098 2418 foedissime

85 2438 248 2504 corruptum
275 2435 312 2490 ab
340 2433 454 2504 ingenio
477 2434 592 2490 restitui
614 2451 670 2489 non
696 2451 780 2502 posse
798 2433 901 2495 Reiske
927 2435 1023 2488 censet
1051 2434 1098 2488 οὑ-

85 2504 136 2561 &zv
160 2505 188 2561 δ’
210 2503 256 2562 ἐπὶ
278 2505 355 2568 τέλος
373 2504 500 2576 ἀγόντων
522 2514 577 2560 τῶν
596 2503 666 2575 ὑπὲρ
686 2502 796 2574 ἐκείνης
816 2502 1018 2574 ψηφιζομένων
1037 2504 1098 2573 syl-

84 2577 159 2645 burg
195 2578 244 2632 καὶ
262 2576 453 2647 ἀντέπραττον
467 2583 525 2640 τοῖς
538 2574 588 2631 ὑπ’
605 2572 721 2633 ἐκείνων
735 2574 939 2646 ψηφιζομένοις
953 2593 975 2630 ο.
991 2577 1098 2644 Kayser

86 2648 161 2701 Ann.
179 2648 250 2716 phil.
267 2656 335 2704 1866
353 2666 380 2717 p.
396 2654 429 2701 43
466 2649 550 2702 ἀντία
574 2648 631 2718 (vel
654 2644 779 2714 ἐναντία)
805 2646 836 2702 δὲ
859 2644 1025 2716 πασχόντων
1042 2655 1099 2701 τῶν

84 2719 141 2774 ὑπὸ
160 2721 265 2783 δεινοῖς
282 2731 313 2787 ψ.
333 2736 356 2775 ο.
376 2719 521 2772 Μειιὺτυοτ
539 2736 566 2787 p.
581 2725 646 2784 2603
665 2719 743 2794 (ὡς)
766 2719 848 2773 ἀντία
868 2717 1099 2774 ὃιεπιτελοὺντων

84 2790 223 2863 <αάτῶν>
236 2799 292 2845 τῶν
305 2789 355 2844 ὑπ’
373 2784 489 2845 ἐκείνων
503 2801 535 2858 ψ.
551 2789 674 2844 Schenkl
686 2809 714 2860 p.
729 2797 771 2857 36,
786 2791 922 2844 τάναντία
937 2784 1100 2859 ἐπαγόντων

84 2869 142 2916 τῶν
156 2855 202 2916 ἐπ’
224 2856 343 2924 ἐκείνοις
361 2859 562 2932 ψηφιζομένων
581 2877 634 2930 ego
693 2868 723 2915 11
745 2859 957 2932 συνελάμβανον
974 2860 997 2913 Β
1014 2866 1018 2928 Ι
1035 2879 1100 2915 συν-

85 2935 222 3003 αρεῖσθαι
240 2949 263 2989 ο.
283 2930 373 2987 Cobet
391 2930 457 2986 Obs.
476 2950 503 3001 p.
521 2938 572 2987 118
636 2938 668 2987 12
688 2930 801 2987 καθένα
819 2930 849 2987 τὲ
860 2965 893 2973 -
904 2929 1100 3001 κατισχόμενοι

86 3003 109 3058 Ο
135 3003 212 3071 quod
235 3003 290 3058 def.
308 3004 454 3058 Meutzner
470 3021 498 3072 p.
517 3008 568 3057 261
611 3001 682 3057 καθ’
699 3001 750 3058 ένα
772 3023 802 3057 τε
825 3009 884 3066 τοῖς
905 3011 961 3058 τῶν
985 3001 1099 3072 ἀπόρων

85 3072 306 3144 καταρχομένοις
328 3080 409 3164 κοινχζ
431 3073 477 3129 vol
495 3071 566 3128 καθ’
584 3071 634 3128 ἐνα
652 3093 681 3128 τε
700 3083 755 3128 τῶν
775 3071 889 3145 ἀπόρων
909 3071 938 3129 οἱ
954 3070 1099 3142 κατιοχυό·

86 3164 167 3215 μενοι
181 3145 283 3200 Portus
320 3146 369 3200 καλ
383 3143 490 3219 εκάστφ
500 3176 534 3184 -
544 3144 753 3218 κατιοχυομένφ
767 3161 790 3200 ο.
804 3143 949 3213 Kiessling
1004 3149 1036 3196 13
1051 3143 1100 3196 καλ

85 3219 154 3286 post
175 3225 258 3288 κοινῇ
281 3234 335 3272 om.
358 3217 412 3270 DE
504 3220 537 3269 14
577 3215 753 3284 οηθήοαντες
775 3214 826 3269 AO
863 3211 1099 3287 βοηθήσαντοςΒ

86 3287 279 3362 βοηθήσοντες
300 3287 353 3340 DE
390 3289 533 3360 βοηθῆσαι
584 3286 712 3356 ὀεεΙὶυςς
741 3284 812 3342 καθ’
834 3284 885 3341 ένα
906 3293 962 3338 τῶν
985 3280 1100 3351 ἀπόρων

86 3358 354 3430 κατισχυόμενοι-
374 3358 567 3431 βοηθήσαντες
586 3375 638 3427 ego
700 3364 731 3413 17
751 3357 905 3426 ἀπολογίαν
925 3353 947 3406 O
986 3371 1100 3420 στρατο-

87 3432 186 3502 λογίαν
206 3429 380 3484 Camerarius
397 3431 401 3502 Ι
417 3429 470 3500 γάρ
489 3428 552 3484 add.
573 3429 696 3500 Sylburg
768 3433 801 3481 18
821 3423 997 3480 καλεσάντων
1014 3424 1038 3477 Β
