2414 3840
113 183 179 248 406
541 183 701 237 -ς-

112 357 199 412 τίνοι
223 349 416 430 συνέθηκαν
437 347 520 432 πρὸς
539 346 703 429 ἀλλήλους
721 345 901 431 ὀμόσαντες
918 340 998 410 καθ’
1017 346 1128 430 ίερῶν.

90 486 94 493 ·
113 452 298 537 ἐψηφίσατο
319 449 356 518 δέ
374 451 429 519 καὶ
446 455 570 530 θυσίας
588 452 774 518 ἀποδοῦναι
792 463 863 529 τοῖς
876 452 1004 535 θεοῖςή
1020 454 1129 536 βουλή

112 561 346 645 χαριστηρίους
383 557 435 624 ἐπὶ
471 570 543 637 ταῖς
574 559 657 645 πρὸς
689 559 748 623 τὸν
780 559 888 643 δῆμον
921 544 1129 642 διαλλαγαῖς,

112 672 299 751 προσθεῖσα
336 667 415 749 μίαν
451 663 577 751 ἡμέραν
613 675 684 742 ταῖς
715 662 934 748 καλουμέναις
965 669 1131 744 Λατίναις

85 770 243 857 ὀέορταῖς
272 769 370 837 δυσὶν
398 771 529 856 οὔσαις,
556 773 618 857 τήν
641 769 703 858 μέν
726 773 861 856 πρώτην
884 771 1131 857 ἀνιερώσαντος

114 876 276 963 βασιλέως
304 881 503 964 Ταρκυνίου,
526 877 604 944 καθ’
628 879 669 944 ὃν
691 880 815 966 χρόνον
838 878 969 963 ἐνίκησε
997 883 1130 964 Τυρρη-

112 987 207 1062 νούς·
236 986 298 1069 τήν
323 982 353 1049 θ’
377 982 492 1071 ἑτέραν
514 994 575 1050 τοῦ
598 987 707 1070 δήμου
729 982 946 1071 προσθέντος,
971 985 1025 1050 ὅτε
1048 990 1130 1063 τοὺς

113 1097 260 1177 βασιλεῖς
283 1091 432 1175 ἐκβαλὼν
456 1090 638 1177 ἐλευθέραν
661 1091 795 1175 ἐποίησε
817 1091 879 1174 τήν
897 1093 1010 1157 πόλιν·
1034 1084 1128 1176 αἷςή

113 1203 206 1286 τρίτη
239 1203 312 1265 τότε
340 1201 575 1284 προσενεμήθη
602 1209 660 1284 τής
687 1199 838 1264 καθόδου
866 1208 933 1263 τῶν
961 1197 1129 1264 ἀποστάν-

74 1285 181 1399 ,ιξτωυ
199 1305 303 1371 ἕνεκα.
341 1307 403 1390 τήν
422 1303 459 1371 δέ
477 1308 682 1391 προστασίαν
700 1303 755 1371 καὶ
772 1306 834 1389 τήν
853 1303 1041 1390 ἐπιμέλειαν
1059 1317 1129 1371 τῶν

114 1413 151 1479 ἐν
179 1412 295 1489 αὐταῖς
320 1408 507 1496 γινομένων
534 1417 668 1477 θυσιῶν
693 1433 728 1476 τε
755 1408 810 1476 καὶ
837 1409 978 1494 ἀγώνων
1002 1412 1039 1476 οί
1058 1423 1128 1477 τῶν

115 1519 295 1605 θημάρχῳν
321 1516 482 1604 ὑπηρέται
504 1517 710 1604 παρέλαβον,
737 1518 773 1583 οί
791 1517 853 1601 τήν
876 1525 940 1581 νῦν
963 1518 1128 1603 ἀγορανο-

114 1629 214 1713 μικήν
233 1629 363 1712 ἔχοντες
381 1623 544 1707 ἐξουσίαν,
569 1625 678 1711 ὥσπερ
698 1626 795 1708 ἔφην,
818 1621 1044 1708 κοσμηθέντες
1062 1624 1127 1690 ὑπὸ

113 1744 171 1818 τῆς
198 1737 322 1817 βουλής
348 1732 506 1818 πορφύρᾳ
534 1728 589 1796 καὶ
611 1732 727 1818 θρόνῳ
752 1729 955 1818 ἐλεφαντίνῳ
978 1728 1034 1795 καὶ
1057 1743 1129 1808 τοῖς

76 1855 101 1896 15
115 1843 228 1918 ἀλλοις
251 1840 431 1924 ἐπισήμοις,
455 1830 505 1915 οἷς
528 1832 619 1922 εἶχον
642 1838 678 1902 οί
697 1840 851 1921 βασιλεῖς.

181 1964 391 2030 LXXXXVI.
417 1963 468 2028 Οὐ
490 1967 601 2051 πολλῷ
627 1957 658 2026 θ’
679 1962 821 2047 ὕστερον
844 1963 954 2048 χρόνῳ
977 1970 1035 2045 τῆς
1054 1961 1199 2049 §op-1263

115 2080 173 2156 τῆς
194 2081 261 2137 τῶν
285 2071 455 2136 ὑπατικῶν
479 2061 525 2146 εἷς
543 2070 715 2152 Μενήνιος
733 2066 913 2152 Ἀγρίππας
936 2067 1128 2154 ἐτελεύτησε

114 2179 174 2243 τὸν
196 2181 283 2261 βίον,
308 2176 326 2242 ὁ
350 2179 487 2260 νικήσας
510 2178 682 2259 Σαβίνους
704 2172 759 2240 καὶ
781 2175 840 2239 τὸν
864 2173 896 2253 ἐξ
920 2174 1031 2241 αὐτῶν
1053 2180 1129 2262 θρί-

116 2288 224 2369 αμβον
243 2281 506 2369 ἐπιφανέστατον
525 2283 731 2366 καταγαγών,
751 2271 778 2370 ᾦ
796 2286 971 2347 πεισθεῖσα
984 2282 1005 2365 ή
1020 2285 1128 2368 βουλή

75 2392 176 2474 εοτήυ
203 2391 355 2456 κάθοθον
383 2386 539 2475 ἐπέτρεψε
566 2401 636 2466 τοῖς
659 2389 800 2474 φυγάσι,
827 2384 883 2453 καὶ
906 2387 924 2453 ὁ
949 2389 1053 2474 θήμος
1075 2411 1129 2455 πι-

115 2497 255 2574 στεύσας
291 2494 412 2579 ἀπέστη
449 2506 517 2560 τῶν
553 2495 678 2560 ὅπλων·
718 2492 773 2559 καὶ
809 2494 929 2559 αὐτὸν
945 2495 1075 2574 ἔθαψεν
1107 2497 1128 2580 ή

114 2608 210 2681 πόλις
242 2604 385 2690 δημοσίῳ
415 2601 470 2668 καὶ
501 2604 657 2686 καλλίστη
690 2601 825 2666 πάντων
853 2600 1045 2687 ἀνθρώπων
1073 2601 1129 2668 καὶ

115 2710 326 2795 λαμπροτάτη
356 2717 453 2795 ταφή.
500 2707 598 2773 οὐσία
626 2708 690 2793 γὰρ
719 2707 781 2773 οὐκ
808 2703 851 2791 ήν
877 2709 923 2796 τῷ
951 2705 1049 2796 ἀνδρὶ
1081 2711 1129 2786 εἰς
1191 2712 1194 2717 ’

115 2814 398 2901 μεγαλοπρέπειαν
421 2814 595 2899 ἐκκομιθής
616 2812 672 2879 καὶ
694 2821 802 2898 ταφής
824 2813 1014 2898 ἀποχρῶσα·
1043 2816 1128 2880 ὥστε

188 3087 201 3134 1
222 3078 417 3148 συνεθήκαντο
437 3097 460 3133 ο.
479 3077 584 3132 Reiske
668 3084 685 3132 4
703 3083 766 3141 ταῖς
783 3084 832 3146 τής
850 3074 1024 3147 καλουμένης
1041 3081 1127 3134 Λατί-

115 3174 166 3223 νης
189 3147 286 3223 ἕορτής
307 3151 354 3206 vel
377 3157 439 3214 ταῖς
460 3158 516 3205 τῶν
539 3146 719 3219 καλουμένων
742 3151 871 3204 Λατίνων
895 3142 999 3220 ἕορτῖον
1022 3166 1044 3204 ο.
1061 3149 1128 3218 Syl-

114 3226 188 3294 burg
243 3222 325 3278 όκαὶ
344 3222 395 3292 τήν
414 3220 465 3292 μὲν
486 3255 517 3262 -
538 3221 770 3292 ἀνιερώσαντοΑ
825 3215 994 3289 όένίκησαν
1014 3221 1036 3276 0
1056 3238 1126 3274 corr.

114 3297 215 3350 Portus
293 3293 388 3349 9τότε
408 3292 515 3348 add.B
594 3299 627 3347 14
645 3290 762 3364 θρόνοις
781 3287 1015 3361 ἐλεφαντίνοιςΒ
1092 3297 1125 3344 17

115 3376 171 3422 τῶν
193 3365 356 3421 ὑπάτωνλ
448 3371 480 3419 18
504 3359 594 3418 ἐπὈ
632 3359 660 3430 ἐξ
683 3361 827 3431 Kiessling
918 3367 951 3417 19
970 3361 1125 3433 ἀγαγὼνΟ

116 3438 283 3508 καταγαγὼν
301 3436 445 3506 Kiessling
463 3436 507 3491 Pr.
526 3435 590 3488 Bas.
609 3452 636 3504 p.
656 3439 672 3488 5
