2414 3840
505 187 668 235 -Δ-
1052 182 1096 246 63

74 347 180 431 αὐτῆς
209 348 330 432 ἐτυχον
358 344 422 430 ἐγὼ
449 347 591 432 τρόπον,
619 346 664 424 ὡς
687 343 808 428 λέγεις,
837 339 920 431 μηθ’
941 345 1006 410 ὑπὸ
1030 356 1099 410 τῶν

72 451 328 538 μεσοβασιλέων
350 450 499 539 αίρεθεὶς
521 456 601 538 μήτε
623 461 681 536 της
703 454 828 536 βουλῆς
850 475 907 535 μοι
929 452 1098 536 παραδοῦ-

74 576 138 645 σης
156 560 198 624 τὰ
216 560 393 645 πράγματα
411 562 492 643 μήτε
510 571 578 625 τῶν
597 560 708 623 ἄλλων
726 557 919 643 γενομένων
934 569 1002 623 τῶν
1016 559 1098 623 κατὰ

71 669 202 752 νόμον,
234 666 375 742 τούτους
404 665 508 731 ἀδικῶ
542 667 650 749 δήπου
678 662 733 729 καλ
762 662 836 750 οὐχὶ
865 663 916 748 σέ,
949 663 1004 731 καί
1032 665 1096 730 ὑπὸ

72 773 209 838 τούτων
235 779 431 857 παυσθῆναι
459 773 586 848 δίκαιός
616 773 682 856 είμι
709 781 768 857 τῆς
795 770 910 857 ἀρχῆς,
942 772 1004 857 οὐχ
1031 772 1125 838 ὑπδο

75 889 150 946 σοῦ.
198 872 273 944 ἀλλ’
305 881 382 944 οῦτε
415 880 555 956 τούτους
587 872 662 944 οὔτ’
693 879 797 944 ἄλλον
829 876 952 944 οὐδένα
985 879 1135 945 ἀδικῶ.6

75 987 208 1072 μάρτυς
230 981 267 1051 δὲ
289 994 347 1070 τῆς
370 984 407 1051 ἐκ
419 985 522 1069 <τοῦ>
541 985 675 1050 δικαίου
698 1009 754 1070 μοι
772 982 828 1050 καὶ
846 989 919 1050 τότε
939 986 1098 1068 δοθείσης

74 1090 135 1158 καὶ
159 1100 224 1157 νῦν
244 1092 459 1177 ὑπαρχούσης
477 1090 629 1170 ἐξουσίας
648 1091 665 1156 ὁ
684 1094 816 1176 χρόνος,
839 1091 877 1157 ἐν
901 1083 1097 1180 ᾦτετταρα-

75 1209 252 1264 κονταετεῖ
275 1201 429 1283 γεγονότι
451 1194 622 1283 Ῥωμαίων
652 1195 763 1276 οὐδεὶς
794 1197 940 1283 ἡγήσατό
969 1222 1009 1284 με
1032 1199 1098 1263 πό-

75 1301 156 1370 ποτ’
184 1304 323 1389 ἀδικεῖν,
348 1299 421 1370 οὐδ’
443 1304 595 1389 ἐκβαλεῖν
619 1328 658 1390 με
681 1313 739 1389 τῆς
762 1304 865 1390 ἀρχῆς
887 1304 1098 1391 ἐπεχείρησεν
1112 1325 1140 1364 ιο

77 1408 160 1477 οὔθ’
183 1411 203 1476 δ
226 1413 330 1497 δῆμος
353 1406 431 1477 οὔθ’
452 1412 473 1495 ἡ
497 1414 611 1495 βουλή.

147 1516 280 1582 XXXV.
307 1511 393 1582 Ἀλλ’
416 1516 472 1582 ἵνα
494 1525 597 1582 ταῦτα
619 1513 715 1581 πάντ’
739 1516 813 1600 ἀφῶ
837 1515 892 1582 καὶ
916 1517 1016 1602 ὁμόσε
1035 1542 1098 1603 χω-

24 1627 174 1711 ινθρήσω
205 1634 275 1702 τοῖς
306 1634 379 1702 σοῖς
407 1626 536 1707 λόγοις,
569 1629 603 1689 εῖ
630 1640 667 1689 σε
699 1625 983 1709 παρακαταθήκην
1013 1647 1098 1690 παπ-

76 1728 177 1819 πῴαν
208 1729 413 1815 ἀπεστέρουν
439 1728 495 1796 καὶ
523 1732 612 1816 παρδι
639 1731 747 1795 πάντα
774 1731 814 1793 τὰ
842 1729 879 1794 ἐν
907 1729 1099 1817 ἀνθρώποις

77 1839 195 1902 δίκαια
226 1838 295 1921 τὴν·
316 1838 379 1921 σὴν
407 1839 580 1920 βασιλείαν
606 1845 774 1921 κατεῖχον,
802 1834 902 1921 ἐχρῆν
929 1852 968 1902 σε
994 1859 1098 1923 παρα·
1113 1854 1139 1895 15

76 1946 264 2028 γενόμενον
290 1941 343 2009 ἐπὶ
365 1945 444 2020 τοὺς
467 1944 654 2020 δεδοικότας
677 1966 734 2028 μοι
756 1944 818 2026 τὴν
842 1941 996 2021 ἐξουσίαν
1020 1944 1098 2027 ιἰγα-

77 2061 215 2116 νακτεῖν
236 2047 293 2115 καλ
311 2060 508 2136 κατηγορεῖν
527 2049 609 2135 ἐμοῦ
627 2073 673 2132 τε,
697 2051 747 2115 ότι
766 2051 806 2114 τδι
825 2050 869 2134 μὴ
888 2054 1098 2135 προσήκοντα

76 2155 217 2242 κατέχω,
241 2154 385 2222 καὶτῶν
409 2157 614 2238 δεδοικότων,
639 2157 690 2222 ότι
707 2156 884 2241 τάλλότρια
903 2155 1098 2241 ἐχαρίσαντό

78 2282 153 2350 μοι·
194 2263 319 2351 ῥᾳδίως
351 2263 415 2348 γδιρ
448 2261 490 2327 δν
523 2265 655 2340 ἔπεισας
682 2262 818 2345 αὐτούς,
852 2267 885 2326 εί
908 2285 940 2326 τι
968 2263 1098 2327 δίκαιον

79 2365 166 2456 εἶχες
190 2368 309 2453 λέγειν.
346 2370 378 2434 εί
399 2366 436 2434 δὲ
459 2369 566 2456 τούτῳ
586 2365 647 2454 μέν
666 2369 729 2434 οὐκ
748 2367 915 2446 ἐπίστευες
932 2377 978 2456 τῷ
998 2349 1140 2462 λόγςοηῗο

80 2477 124 2544 οὐ
152 2477 289 2553 δικαίως
317 2470 347 2541 δ’
369 2477 533 2560 όίρχεσθαι
559 2476 621 2559 τὴν
643 2478 742 2541 πόλιν
765 2474 911 2561 ἐνόμιζες
932 2472 989 2540 ὑπ’
1016 2474 1098 2561 ἐμοῦ

78 2581 137 2649 καλ
168 2583 312 2649 σεαυτὸν
339 2581 605 2668 ἐπιτηδειότερον
628 2578 797 2667 εἶναιτὴν
821 2582 1008 2668 ἐπιμέλειαν
1030 2595 1098 2650 τῶν

79 2701 206 2756 κοινῶν
228 2692 449 2774 παραλαβεῖν,
473 2689 582 2755 ἐκεῖνα
603 2700 713 2755 ποιεῖν
736 2705 790 2755 σοι
813 2700 991 2776 προσῆκεν·
1033 2690 1097 2770 ἐξέ-

79 2814 178 2862 τασιν
210 2806 279 2862 τῶν
310 2795 399 2881 ἐμῶν
430 2797 657 2881 ποιησόμενον
689 2795 930 2883 ἁμαρτημάτων
956 2796 1012 2862 καὶ
1039 2790 1124 2875 τὰς

80 2912 209 2970 σαυτοῦ
231 2901 365 2988 πράξεις
388 2901 697 2989 ἐξαριθμησάμενον
720 2908 833 2969 καλεῖν
856 2927 896 2987 με
919 2905 967 2980 είς
990 2904 1096 2970 διαδι-
1111 2920 1139 2962 2⁵

79 3013 214 3077 κασίαν·
254 3004 301 3075 ὧν
324 3009 503 3096 οὐδέτερον
526 3009 696 3094 ἐποίησας,
721 3008 804 3074 ιἰλλδι
825 3010 999 3088 τοσούτοις
1021 3014 1097 3099 χρό-

153 3174 170 3223 5
189 3168 371 3236 *παυθῆναι
389 3167 416 3234 (σ
435 3168 517 3236 erae.)
535 3167 559 3220 B
595 3169 746 3235 παυθῆναι
764 3167 790 3221 R
871 3174 887 3222 6
907 3165 1011 3222 οὐδένα
1031 3168 1097 3222 add.

80 3240 103 3293 B
179 3246 264 3295 Ἰτοῦ
284 3237 348 3292 add.
367 3236 468 3307 Pflugk
487 3237 583 3292 om.0
657 3237 898 3310 8τετταροίκοντα
918 3236 973 3292 ἐτει
990 3237 1036 3289 Ba
1072 3256 1096 3288 τ.

81 3309 129 3381 ἔτη
147 3311 196 3364 Bb
234 3316 502 3379 τετταρακονταετεῖ
515 3309 541 3363 R
576 3306 694 3379 τέτταρα
717 3309 766 3362 καλ
788 3311 1057 3376 τετταρακονταετεῖ
1073 3321 1096 3357 ο.

79 3381 228 3450 Kiessling
302 3386 335 3434 10
354 3379 546 3506 ἀδ<ιικ>εῖνΒ
584 3450 590 3462 ο
620 3386 658 3460 12.
671 3377 756 3435 πάντ’
778 3380 884 3435 add.B
954 3380 985 3427 17
1004 3373 1040 3426 τὰ
1059 3372 1098 3443 μὴ

79 3453 106 3507 Α
141 3453 179 3523 μὴ
199 3451 277 3506 τδιΒ
350 3455 384 3504 23
418 3458 494 3507 κεῖνο
514 3469 536 3506 ο.
555 3450 700 3518 K1esshng
