2414 3840
506 195 665 244 -S-
1028 189 1093 254 399

82 351 271 430 ἐπίστευον,
300 352 444 436 αἰσχρῶς
467 348 497 415 δ’
521 349 802 435 ἀναγκασθέντων
825 364 948 435 φυγεῖν
970 350 1050 437 πρὶν
1072 351 1093 436 ἣ

81 457 234 541 λαμπρόν
257 478 288 519 τι
311 457 411 540 ἔργον
434 456 675 536 ἀποδείξασθαι
697 455 753 522 καὶ
777 453 851 523 οὐδ’
873 459 910 525 ἐν
932 466 971 544 τῆ
990 481 1094 542 τειχο-

81 565 182 648 μαχίᾳ
200 572 358 645 γενναίου
376 560 477 628 οὐδὲν
497 562 779 649 διαπραξαμένων.
817 573 876 652 μιᾷ
889 573 974 648 γοῦν
987 563 1094 651 ἡμέρᾳ

80 677 138 751 τῆς
160 691 195 732 τε
217 677 278 752 γῆς
301 662 411 734 αὐτῶν
430 665 584 753 Ῥωμαῖοι
606 669 790 753 ἐκράτησαν
813 668 940 736 ἀκονιτὶ
960 668 1015 736 καὶ
1032 672 1094 755 την

79 777 180 840 πόλιν
203 775 244 839 οὐ
266 776 372 840 πολλά
394 774 702 861 πραγματευθέντες
724 777 807 842 κατά
824 777 944 860 κράτος
962 780 1120 860 ἕλαβου.ι

82 880 99 946 ὁ
129 880 166 945 δὲ
193 892 261 945 τῶν
279 877 449 966 Ῥωμαίων
477 883 659 966 στρατηγὸς
684 877 775 947 τότ’
798 882 1127 969 έγκαταληφθέυτα3

81 989 231 1073 χρήματα
260 988 440 1071 διαρπάσαι
467 998 537 1065 τοῖς
560 989 774 1075 στρατιώταις
797 987 887 1074 έφελς
909 987 965 1054 καὶ
988 1013 1093 1074 φρου-

82 1095 146 1179 ράν
169 1093 205 1159 έν
223 1102 263 1178 τῆ
282 1098 376 1160 πόλει
393 1095 583 1159 καταλιπὼν
597 1095 690 1178 έξῆγε
708 1096 934 1180 τῆνδύναμιν
953 1090 1007 1181 ἐφ’
1029 1095 1094 1161 ἑτέ-

82 1223 146 1282 ραν
164 1201 263 1264 πόλιν
280 1211 348 1265 τῶν
364 1200 642 1284 οὐολούσκων,·ῆ
661 1207 809 1267 καλεῖται
826 1199 888 1286 μὲν
902 1204 1097 1285 Πόλουσκα,

83 1304 245 1390 διάστημα
273 1303 303 1370 δ’
327 1305 368 1371 οὐ
395 1309 482 1372 πολὺ
508 1316 566 1391 τῆς
589 1311 764 1391 Λογγόλας
786 1308 908 1392 ἀπέχει.
953 1308 1093 1385 οὐδενὸς
1107 1328 1133 1368 10

10 1409 113 1479 12526'
141 1411 230 1498 αὐτῷ
255 1414 482 1496 τολμήσαντος
503 1413 691 1496 ὑπαντῆσαι
715 1415 876 1490 διανύσας
897 1415 959 1497 τῆν
981 1416 1093 1501 χώραν

81 1519 163 1582 κατὰ
191 1519 318 1601 πολλὴν
346 1518 518 1584 εὐπέτειαν
546 1517 730 1602 προσέβαλε
757 1528 827 1595 τοῖς
853 1522 990 1603 τείχεσι·
1025 1530 1093 1583 τῶν

35 1702 37 1705 .
83 1621 120 1689 δὲ
148 1634 357 1708 στρατιωτῶν
386 1625 421 1689 ολ
445 1621 507 1708 μὲν
529 1626 587 1701 τὰς
609 1626 715 1701 πύλας
739 1626 971 1706 διακόψαντες,
1000 1623 1036 1689 οέ
1057 1620 1094 1689 δέ

84 1732 139 1795 διά
162 1731 331 1815 κλιμάκων
354 1729 407 1796 έπὶ
429 1732 467 1796 τὸ
490 1742 597 1815 τεῖχος
615 1730 807 1814 ἀναβάντες,
831 1730 1025 1816 αὐθημερὸν
1043 1733 1093 1813 γῖ·

81 1861 198 1903 νονται
220 1835 276 1902 καὶ
296 1837 417 1919 ταύτης
434 1846 492 1920 τῆς
509 1839 636 1913 πόλεως
654 1836 773 1920 κύριοι.
809 1837 854 1912 ὡς
873 1833 910 1901 δὲ
928 1818 1133 1931 παρέλαβεῇ

81 1945 142 2027 τῆν
174 1946 287 2026 πόλιν,
320 1944 454 2026 ὀλίγους
481 1941 543 2027 μέν
570 1966 664 2019 τινας
690 1941 839 2020 ἐπιλέξας
865 1944 944 2018 τοὺς
967 1934 1094 2019 αἰτίους
1165 2000 1167 2004 .

81 2059 139 2133 τῆς
161 2049 371 2126 ἀποστάσεως
394 2049 572 2132 ἀπέκτεινε,
596 2051 674 2126 τοὺς
698 2045 734 2115 δὲ
757 2051 894 2125 λοιποὺς
916 2049 1093 2132 χρημάτων

82 2154 256 2238 ἀφαιρέσει
290 2153 453 2238 ζημιώσας
479 2151 534 2219 καὶ
562 2155 647 2219 ὅπλα
675 2152 895 2238 ἀφελόμενος,
923 2151 1093 2239 Ῥωμαίων

82 2256 167 2326 εἶναι
190 2263 227 2326 τὸ
250 2261 377 2327 λοιπὸν,
392 2260 579 2343 ῆνάγκασεν
601 2260 778 2344 ὑπηκόους.

148 2367 341 2433 LXXXXII.
370 2367 571 2431 Καταλιπὼν
595 2362 632 2432 δέ
654 2365 717 2431 κάν
739 2368 842 2453 ταύτῃ
860 2369 1019 2452 βραχεῖαν
1037 2374 1094 2450 τῆς
1107 2386 1134 2426 ιο

82 2482 236 2558 στρατιᾶς
267 2484 389 2559 μοίραν
420 2473 516 2539 ἕνεκα
549 2476 713 2558 φυλακῆς,
746 2482 786 2559 τῆ
817 2476 956 2540 κατόπιν
987 2472 1094 2559 ἡμέρᾳ

81 2583 143 2666 τὴν
167 2582 312 2664 δύναμιν
336 2579 513 2662 ἀναλαβὼν
536 2588 682 2665 προῆγεν
705 2577 758 2645 ἐπὶ
781 2582 967 2662 Κοριόλαν,
994 2580 1094 2644 πόλιν

82 2687 226 2770 ἐπιφανῆ
257 2688 391 2770 σφόδρα
413 2683 467 2750 καλ
491 2686 601 2771 ὥσπερ
625 2683 667 2750 ἀν
690 2687 893 2769 μητρόπολιν
916 2693 984 2749 τῶν
1008 2684 1094 2750 Οὐο-

82 2794 250 2858 λούσκων·
282 2794 367 2856 ἔνθα
390 2789 446 2856 καὶ
469 2792 611 2876 δύναμις
632 2786 676 2874 ῆν
697 2789 932 2874 συνειλεγμένη
952 2793 1094 2877 καρτερά

81 2897 137 2965 καὶ
159 2900 197 2964 τὸ
219 2909 326 2983 τεῖχος
349 2898 390 2963 οὐ
414 2897 533 2984 ῥᾴδιον
557 2896 684 2963 ἁλῶναι
705 2897 745 2961 τά
767 2920 802 2963 τε
820 2898 903 2983 πρὸς
920 2899 980 2963 τὸν
999 2900 1094 2963 πόλε·
1108 2914 1134 2956 2⁵

83 3029 148 3091 μου
175 3004 342 3089 έπιτῆδεια
370 3002 662 3090 παρεσκευασμένα
684 3015 753 3080 τοῖς
776 3006 877 3069 ἔνδον
900 3004 937 3069 έκ
958 3008 1092 3070 πολλοῦ.

155 3239 170 3285 2
195 3233 416 3303 ἀποδείξασθαι]
441 3235 544 3302 δρᾶσαι
567 3246 594 3286 ο·
613 3232 721 3301 Kayser
743 3233 816 3286 Ann.
833 3231 904 3357 ρλιὶλ.
925 3237 993 3286 1866
1012 3248 1039 3298 p.
1059 3237 1093 3285 47

83 3304 266 3370 3*ἀποδεξα
288 3302 397 3359 ένωνΟ
435 3301 670 3373 διαπραξαμένων
690 3320 742 3372 ego
797 3310 813 3356 6
847 3298 1093 3371 γκαταλειφθέντα

84 3376 196 3431 Ocorr.
216 3324 338 3444 Sylssurg
411 3374 493 3430 ιδιά
511 3392 619 3429 πα.σαι
636 3374 683 3428 Ba
746 3374 959 3445 8κατγῆλειπον
978 3373 1023 3425 Ba
1077 3378 1092 3426 9

82 3445 261 3502 πολοόσκατα
279 3445 331 3499 ΑΒ
351 3463 420 3502 corr.
440 3445 570 3514 Sigonius
644 3453 677 3502 18
696 3442 887 3516 ἀφ<αι>ρέσει
904 3442 927 3496 Β
1042 3451 1049 3465 ’
