2414 3840
140 102 203 165 146
567 105 790 189 -νῳ

140 263 408 349 σκευωρούμενοι
439 264 479 327 τά
511 264 593 328 κατά
624 264 686 348 τὴν
717 264 831 346 πόλιν,
865 263 910 340 ὡς
942 262 960 328 ὁ
991 263 1158 350 τύραννος

104 369 124 433 3
141 369 254 446 αὐτοῖς
277 368 449 434 ἐπέστειλε.
485 369 544 446 τάς
565 392 600 434 τε
623 371 686 453 γάρ
710 368 884 445 ἐπιστολάς
903 369 962 445 τάς
979 371 1072 456 παρὰ
1089 381 1159 435 τῶν

139 476 301 561 φυγάδων
325 486 395 551 τοῖς
418 474 615 559 ἐπιτηδείοις
638 474 748 540 αὐτῶν
772 473 976 540 ἀπεδίδοσαν
1001 473 1059 540 καλ
1076 472 1156 562 παρ’

139 582 277 647 ἐκείνων
305 578 417 665 ἑτέρας
443 581 526 666 πρὸς
553 582 632 657 τοὺς
660 580 814 665 φυγάδας
837 580 1039 665 ἐλάμβανον·
1078 597 1159 648 σνν-

116 689 246 763 ιιόντες
279 682 315 751 δέ
347 690 483 764 πολλοῖς
515 688 561 763 είς
594 687 728 771 ὁμιλίαν
755 684 813 751 καὶ
841 687 1018 773 διάπειραν
1047 687 1159 753 αὐτῶν

139 801 197 877 της
223 791 446 880 προαιρέσεως
470 793 710 877 λαμβάνοντες,
739 792 798 870 οὓς
821 792 1008 875 εὑρίσκοιεν
1033 793 1158 859 εὐαλώ-

138 923 218 977 τους
251 894 295 964 δι’
317 896 497 964 ἀσθένειαν
529 900 663 984 γνώμης
691 898 711 983 ἢ
739 901 816 982 βίου
844 898 967 964 σπάνιν
994 897 1016 983 ἢ
1045 902 1158 966 πόθον

139 1017 206 1071 τῶν
232 1005 268 1071 ἐν
291 1015 330 1092 τῇ
354 1007 529 1092 τυραννίδι
551 1005 767 1088 πλεονεξιῶν,
796 1004 930 1082 ἐλπίδας
952 1029 989 1070 τε
1012 1009 1158 1093 χρηστάς

139 1113 370 1188 ὑποτείνοντες
397 1112 509 1189 αὐτοῖς
536 1110 592 1176 καί
615 1113 765 1197 χρήματα
788 1112 940 1188 διδόντες
958 1110 1197 1197 ἐπεχείρουυῶο

140 1220 361 1304 διαφθείρειν.
395 1220 533 1301 ἔμελλον
557 1214 590 1282 δ’
617 1219 726 1303 ὥσπερ
750 1219 837 1295 είκὸς
860 1217 896 1282 ἐν
915 1218 1012 1283 πόλει
1032 1218 1157 1306 μεγάλη

138 1321 193 1408 καὶ
215 1324 448 1409 πολυοχλούσῃ
472 1325 689 1408 φανήσεσθαί
706 1346 793 1401 τινες
812 1325 848 1388 οί
864 1325 925 1407 την
943 1327 1046 1410 χείρω
1065 1331 1157 1391 πολι

138 1431 229 1494 τείαν
253 1430 468 1515 αἱρησόμενοι
491 1431 554 1515 πρὸ
578 1439 635 1514 τῆς
658 1433 847 1515 κρείττονος
871 1430 912 1495 ού
929 1441 998 1496 τῶν
1018 1430 1157 1515 ἄσημον

139 1538 258 1620 μόνον,
287 1536 370 1600 άλλδι
393 1533 447 1601 καὶ
469 1548 537 1602 τῶν
560 1536 748 1620 ἐπιφανῶν,
777 1535 813 1601 ἐν
837 1528 887 1613 οἷς
910 1531 997 1620 ἦσαν
1018 1534 1160 1603 Ἰούνιοί

137 1663 172 1707 τε
201 1642 262 1708 δύο
290 1646 386 1720 Τίτος
414 1641 469 1709 καί
497 1644 648 1728 Τιβέριος
670 1643 825 1729 Βρούτου
852 1644 968 1720 παῖδες
990 1653 1053 1708 τοῦ
1075 1644 1158 1710 ὑπα-

102 1749 294 1826 Ιότεύοντος
330 1749 451 1835 άρτίοις
482 1748 661 1835 ἀρχόμενοι
693 1757 826 1832 γενειᾶν
857 1747 912 1813 καὶ
945 1751 1010 1814 σὺν
1044 1750 1159 1828 αὐτοῖς

140 1855 331 1921 Οὐιτέλλιοί
356 1879 391 1921 τε
420 1856 481 1920 δύο
505 1857 647 1942 Μάρκος
674 1852 729 1920 καὶ
752 1854 900 1938 Μάνιος,
929 1853 1072 1940 άδελφοὶ
1101 1866 1159 1942 της

137 1963 292 2047 Βρούτου
313 1964 483 2056 γυναικός,
508 1957 618 2026 ίκαυοὶ
640 1962 680 2024 τά
698 1960 975 2047 κοινάπράττειυ,
999 1959 1158 2028 καλΚολ-

141 2072 280 2134 λατίνου
302 2066 449 2153 θατέρου
471 2079 539 2133 τῶν
562 2067 698 2132 ὑπάτων
722 2066 868 2152 ἀδελφῆς
890 2065 960 2132 υἱοὶ
983 2068 1046 2133 δύο
1070 2070 1159 2134 Λεύ-

137 2199 209 2252 κιος
241 2173 296 2240 καὶ
327 2175 467 2259 Μάρκος
496 2170 662 2238 Ἀκύλλιοι
693 2173 755 2255 τὴν
788 2173 892 2257 αὐτὴν
924 2175 1056 2256 ἔχοντες
1088 2187 1159 2253 τοῖς

105 2299 133 2339 ²⁰
142 2282 296 2368 Βρούτου
318 2279 434 2345 παισὶν
451 2280 594 2363 ἡλικίαν,
617 2273 694 2364 παρ’
712 2270 762 2355 οἷς
780 2280 817 2343 αί
833 2279 973 2344 σύνοδοι
991 2280 1032 2343 τά
1050 2282 1159 2347 πολλὰ

140 2377 291 2473 ἐγίνοντο
319 2389 443 2474 πατρὸς
471 2385 580 2452 οὐκέτι
607 2388 780 2471 περιόντος
804 2383 994 2462 αὐτοῖςκαὶ
1017 2385 1158 2473 τὰπερὶ

141 2503 199 2577 της
221 2474 374 2560 καθόδου
397 2504 464 2559 τῶν
487 2493 663 2578 τυράννων
687 2492 896 2576 βουλεύματα
915 2494 1122 2558 συνετίθετο.

207 2617 282 2682 VII.
303 2596 364 2683 'Eu'
380 2622 515 2683 πολλῶν
537 2614 599 2702 μὲν
623 2611 685 2682 οὖν
707 2613 762 2681 καί
786 2617 896 2681 ἄλλων
919 2613 1015 2694 ἔδοξέ
1036 2640 1094 2700 μοι
1117 2619 1203 2682 τδεολ

135 2720 305 2808 Ῥωμαίων
334 2724 507 2810 πράγματα
534 2725 676 2810 προνοίᾳ
700 2729 794 2787 θεῶν
817 2724 863 2799 είς
885 2723 1053 2806 τοσαύτην
1074 2745 1157 2810 προ-

104 2836 256 2895 ἳῡελθεῖυ
284 2830 515 2914 εὐδαιμονίαν,
548 2830 609 2914 οὐχ
636 2831 752 2913 ἥκιστα
781 2824 818 2892 δέ
844 2827 899 2893 καλ
927 2827 963 2893 ἐκ
990 2841 1060 2894 τῶν
1082 2832 1157 2896 τότε

102 1185 127 1247 4

103 1273 129 1312 10

208 3075 463 3130 3*άπεδι’δουνο
519 3073 750 3200 θηράματαὲτδι
772 3073 918 3144 χρηστάΒ
971 3081 1073 3130 14τοῦ
1092 3074 1157 3132 τότε

136 3147 364 3209 δπατεύοντοςΑ
414 3152 447 3200 15
462 3144 673 3201 αύτοιοιτέλλιοι
711 3161 729 3199 a
756 3144 1029 3200 αύτοῖστελλιοιΒλ)
1056 3147 1159 3202 αύτοῖσ

137 3217 247 3274 Γέλλιοι
264 3217 290 3271 A
314 3217 435 3271 correxit
453 3217 585 3286 Sigonius
678 3223 710 3270 19
727 3215 859 3271 Ἀκύλλιοι
877 3215 923 3268 Bb
958 3213 1090 3272 Ἀκυίλιυι
1108 3217 1157 3272 Βε

133 3289 269 3359 Ἀκυήλιοι
287 3290 312 3343 Α
385 3295 418 3343 22
438 3291 619 3344 συνετίθεντο
640 3288 661 3341 O
682 3304 751 3343 corr.
772 3285 860 3341 Cobet
879 3286 944 3341 Obs.
964 3305 992 3355 p.
1011 3293 1047 3342 94
1122 3296 1158 3344 24

134 3366 287 3433 προελθεῖν
306 3360 329 3413 Β
366 3364 539 3432 παρελθεῖν
557 3359 583 3413 A
599 3364 603 3428 Ι
619 3356 651 3412 δὲ
670 3358 719 3413 καί
738 3355 769 3414 ἐκ
787 3358 811 3411 Β
847 3355 878 3412 δὲ
899 3353 930 3412 ἐκ
949 3358 975 3411 R
