2414 3840
526 178 687 226 ..Λ-

96 361 131 404 τε
163 339 314 425 γραμμάς
345 334 400 402 καὶ
433 334 546 422 ἑτέρας
577 329 677 414 αὖθις
709 334 844 413 εὐθείας
875 331 932 400 καὶ
963 328 1045 400 καθ’
1077 334 1115 400 ἓν

97 444 237 510 ἕκαστον
270 447 393 529 χωρίον
424 442 630 528 ποιουμένου
661 443 718 520 τὰς
750 438 834 528 ὑπὲρ
866 450 924 526 τῆς
951 440 1116 528 εὑρέσεως

99 551 274 638 ἐρωτήσεις
297 547 398 616 οὐδὲν
422 549 711 634 ἐπιταραττόμενοι
733 550 795 634 τῆν
818 550 956 633 γνώμην
979 548 1015 614 οί
1036 549 1115 634 πρέ-

99 662 190 742 σβεις
216 659 279 741 τῆν
307 657 411 741 αὐτὴν
439 656 625 740 ἐφύλαττον
648 655 840 742 ἀπόκρισιν,
865 656 974 741 ὥσπερ
998 654 1116 732 αὐτοῖς

75 763 116 829 ιδ
140 774 199 829 τοῦ
218 766 366 849 μάντεως
382 761 527 829 ὑπέθετο
545 763 630 846 υίός,
653 764 714 847 τῆν
729 757 858 846 Ῥώμην
876 759 1010 828 καὶτὸν
1029 766 1115 847 Ταρ-

96 873 197 954 πῆιον
225 870 441 956 ὀνομάζοντες
468 866 519 934 ἀεὶ
549 871 657 952 λόφον
685 865 739 933 καὶ
766 869 826 932 τὸν
854 867 1015 952 ἐξηγητὴν
1046 867 1115 948 άξι-

97 986 213 1056 οῦντες
244 979 288 1063 μῆ
322 979 572 1063 σφετερίζεσθαι
603 975 641 1040 τὸ
670 984 823 1058 σημεῖον,
856 968 929 1039 ἀλλ’
955 974 1019 1040 άπὸ
1052 984 1115 1041 τοῦ

61 1086 274 1170 2κρατίστου
306 1082 361 1149 καὶ
388 1093 449 1150 τοῦ
478 1083 691 1148 δικαιοτάτου
719 1079 837 1164 λέγειν.
880 1081 921 1146 οὑ
949 1080 1116 1165 δυνηθεὶς

97 1187 133 1256 δὲ
160 1192 461 1277 παρακρούσασθαι
487 1193 566 1266 τοὺς
594 1189 719 1274 ἄνδρας
741 1187 760 1254 δ
787 1187 904 1272 μάντις
927 1184 1007 1253 οὑδὲ
1032 1204 1116 1273 σφε-

61 1319 87 1359 10
96 1299 294 1381 τερίσασθαι
324 1298 383 1361 τὸν
416 1293 543 1361 οἰωνὸν
569 1293 659 1379 λέγει
690 1296 773 1381 πρὸς
805 1294 942 1377 αὐτούς,
970 1291 1117 1382 ’Ἀνδρες

91 1398 255 1487 Ῥωμαῖοι,
280 1401 389 1486 λέγετε
412 1404 495 1486 πρὸς
517 1404 596 1479 τοὺς
619 1400 746 1467 ἑαυτῶν
769 1403 916 1484 πολίτας,
940 1399 991 1465 ὅτι
1008 1423 1116 1486 κεφα-

96 1509 158 1592 λῆν
192 1507 341 1592 εἵμαρται
371 1507 530 1592 γενέσθαι
557 1507 731 1593 συμπάσης
754 1503 893 1583 Ἰταλίας
920 1505 979 1570 τὸν
1005 1507 1117 1573 τόπον

95 1622 226 1698 τοῦτον,
251 1612 288 1678 ἐν
311 1603 337 1703 ᾧ
358 1614 420 1698 τὴν
438 1615 587 1698 κεφαλὴν
606 1615 725 1697 εὑρετε.
762 1612 796 1691 ἐξ
815 1612 945 1678 ἐκείνου
963 1617 1116 1680 καλεῖται
1145 1689 1149 1697 q

95 1729 156 1785 τοῦ
183 1721 308 1806 χρόνου
330 1723 561 1798 Καπιτωλῖνος
587 1719 604 1784 ὑ
628 1722 733 1803 λόφος
756 1716 809 1784 ἐπὶ
832 1726 890 1803 τῆς
912 1717 1157 1803 εὑρεθείσηςτει

60 1849 85 1890 15
96 1825 132 1892 ἐν
165 1825 253 1912 αὐτῷ
286 1831 442 1909 κεφαλῆς·
480 1827 600 1892 κάπιτα
631 1826 695 1911 γὰρ
726 1825 761 1889 οί
785 1821 939 1910 Ῥωμαῖοι
969 1833 1115 1894 καλοῦσι

60 1937 80 2000 3
95 1933 153 2009 τὰς
170 1932 323 2014 κεφαλάς.
359 1941 462 1997 ταῦτα
480 1932 569 2016 παρδι
587 1942 655 1996 τῶν
673 1932 949 2017 πρεσβευσάντων
963 1933 1116 2015 ἀκούσας

96 2037 113 2104 ὑ
140 2037 326 2124 Ταρκύνιος
348 2036 504 2122 ἐπέστησε
527 2048 597 2115 τοῖς
619 2040 730 2123 ἔργοις
751 2039 830 2115 τοὺς
852 2043 1015 2124 τεχνίτας·
1056 2041 1116 2109 καὶ

94 2146 134 2209 τδι
157 2140 218 2229 μὲν
242 2145 349 2210 πολλὰ
372 2143 582 2231 ἐξειργάσατο
605 2153 667 2208 τοῦ
683 2153 780 2228 ναοῦ,
803 2149 975 2227 τελειῶσαι
993 2143 1025 2211 δ’
1050 2149 1115 2215 οὑκ

95 2254 245 2336 ἔφθασεν
269 2251 357 2316 ἅπαν
380 2253 417 2316 τὸ
441 2253 541 2337 ἐργον
565 2248 711 2316 ἐκπεσὼν
734 2251 850 2336 τάχιον
872 2250 909 2318 ἐκ
930 2260 989 2336 τῆς
1008 2255 1115 2322 δυνα-

59 2382 85 2422 εο
96 2362 214 2441 στείας,
239 2352 311 2424 ἀλλ’
334 2355 386 2424 ἐπὶ
408 2367 466 2442 τῆς
487 2359 599 2443 τρίτης
617 2357 773 2435 ὑπατείας
790 2355 996 2442 ῆῬωμαίων
1013 2363 1116 2440 πόλις

95 2465 197 2530 αὐτὸν
216 2467 263 2542 είς
281 2464 474 2531 συντέλειαν
492 2463 711 2551 ἐξειργάσατο.
748 2463 890 2548 ἐποιήθη
911 2462 941 2529 δ’
960 2463 1013 2531 ἐπὶ
1032 2491 1115 2554 κρη-

94 2573 191 2648 πῖδος
213 2570 343 2654 ὑψηλῆς
366 2572 513 2656 βεβηκὼς
535 2570 763 2657 ὀκτάπλεθρος
784 2571 846 2655 τὴν
864 2573 1037 2657 περίοδον,
1062 2576 1114 2640 δι-

95 2679 240 2741 ακοσίων
272 2678 388 2742 ποδῶν
416 2679 549 2759 ἔγγιστα
576 2678 637 2761 την
664 2677 812 2763 πλευράν
840 2678 926 2760 ἔχων
953 2675 1111 2764 ἑκάστην·

95 2782 211 2865 ὀλίγον
235 2781 275 2848 δέ
294 2805 326 2846 τι
348 2783 386 2847 τὸ
410 2782 607 2848 διαλλάττον
629 2783 722 2868 εὑροι
740 2805 789 2860 τις
808 2781 850 2847 δν
868 2791 926 2865 τῆς
943 2782 1111 2871 ὑπεροχῆς

59 2909 85 2950 ει
94 2896 155 2953 τοῦ
182 2890 307 2972 μῆκους
334 2889 423 2975 παρὰ
449 2889 486 2953 τὸ
515 2889 637 2968 πλάτος
664 2887 737 2955 οὐδ’
761 2889 849 2955 ὅλων
874 2894 1111 2959 πεντεκαίδεκα

55 2996 213 3062 4ποδῶν.
260 2993 312 3060 ἐπὶ
344 2996 407 3082 γάρ
440 3005 510 3073 τοϊς
541 2996 655 3074 αὐτοῖς
686 2995 901 3081 θεμελίοις-ὁ
930 2998 1012 3081 μετδι
1045 3000 1109 3084 τὴν

166 3227 182 3277 8
201 3224 267 3291 post
284 3221 375 3294 λέγειν
393 3223 542 3278 verborum
561 3223 629 3278 ordo
648 3223 753 3293 partim
770 3221 908 3291 repetitur
919 3223 1033 3348 fartim
1046 3242 1109 3295 per-

94 3294 225 3348 turbatus
241 3294 321 3348 estA
376 3299 410 3348 14
427 3302 477 3349 τοῦ
492 3292 594 3364 χρόνου
610 3293 1026 3366 ειδόΒῆδοωΒΙλφοςΒ
1063 3294 1109 3352 τό-

94 3365 190 3429 ποςῙί
264 3370 296 3420 17
316 3361 402 3428 αὖθις
421 3360 553 3434 ἐπέστησε
572 3381 595 3420 c.
614 3364 717 3420 Reiske
782 3371 815 3420 19
834 3362 1014 3437 τάχ<ι>ονΒ
1074 3373 1107 3421 21
1129 3401 1140 3408 -

94 3435 273 3510 κρηπ<ί>δος
291 3435 314 3489 Β
336 3499 342 3514 s
386 3442 420 3491 22
440 3435 647 3505 ὀκταπέλεθρος
665 3435 688 3490 Β
761 3441 796 3490 24
814 3435 907 3506 ὀλίγον
926 3454 953 3490 τι
971 3435 1025 3490 ΑΒ
