2414 3840
121 158 163 222 88
548 163 711 213 -ι-

118 323 249 404 λαβεῖν,
277 323 315 386 τὸ
343 317 381 387 δὲ
403 331 474 398 τοῖς
494 328 589 399 θεοῖς
613 319 814 388 δεκατευθὲν
837 321 1000 409 άργύριον
1021 347 1139 411 τετρα-

41 496 49 512 x
117 429 243 492 κοσίων
265 426 307 492 ού
326 438 421 512 μεῖον
443 427 604 511 γενέσθαι
627 428 807 494 ταλάντων.

185 530 238 598 LI.
253 531 326 597 Ἔτι
344 527 377 597 δ’
395 531 432 598 ἐν
450 541 489 618 τή
504 531 639 620 Συέσσῃ
659 535 891 620 διατρίβοντος
905 535 1009 601 αὐτοῦ
1022 547 1138 624 πυρήν

118 660 168 714 τις
191 637 376 723 ἀγγέλλων,
405 639 455 704 ὅτι
479 641 639 722 Σαβίνων
662 639 683 724 ή
706 643 863 726 κρατίστη
886 644 1004 725 νεότης
1025 641 1138 727 ἐξελή-

90 748 204 808 ελυθε
226 741 282 808 καὶ
300 742 379 810 δνσὶ
397 746 553 829 μεγάλοις
571 746 814 832 στρατεύμασιν
831 748 879 824 είς
891 747 954 831 τήν
963 743 1137 833 Ῥωμαίων

117 849 309 935 ἐμβαλοῦσα
322 856 476 935 λεηλατεῖ
486 853 565 930 τοὺς
579 851 713 938 άγρούς,
726 851 747 936 ή
762 850 823 937 μέν
833 847 977 938 Ἠρήτου
990 856 1138 938 πλησίον

117 955 244 1042 θεμένη
267 958 327 1022 τὸν
349 959 487 1044 χάρακα,
510 957 531 1041 ἡ
556 955 592 1023 δὲ
615 956 691 1044 περὶ
710 960 876 1043 Φιδήνην·
899 957 955 1025 καὶ
973 961 1004 1024 εί
1019 962 1066 1045 μή
1084 984 1138 1039 τις

117 1062 233 1140 αὐτοῖς
251 1064 392 1149 δύναμις
410 1063 702 1148 ἐναντιωθήσεται,
722 1065 830 1130 πάντα
848 1066 1016 1150 οἰχήσεται
1032 1065 1136 1132 τάκεί.

81 1170 162 1246 2ὡς
181 1166 218 1235 δὲ
236 1164 327 1235 ταῦτ’
348 1172 502 1254 ήκουσεν,
516 1169 563 1236 ’έν
581 1167 643 1255 μὲν
660 1179 700 1256 τή
714 1169 850 1257 Συέσση
870 1174 977 1258 βραχύ
991 1195 1023 1237 τι
1036 1196 1137 1239 κατα-

78 1293 105 1333 10
118 1277 224 1341 λείπει
246 1274 346 1361 μέρος
367 1285 425 1360 τῆς
448 1283 602 1361 στρατιάς
624 1276 665 1340 τά
687 1298 722 1342 τε
745 1276 881 1362 λάφυρα
898 1274 953 1342 καὶ
972 1277 1034 1360 τήν
1053 1277 1137 1344 ἀπο-

118 1382 241 1465 σκευήν
274 1381 453 1465 φυλάττειν
484 1382 828 1467 παρακελευσάμενος,
865 1382 926 1465 τήν
959 1380 992 1447 δ’
1027 1387 1138 1468 άλλην

118 1489 264 1571 δύναμιν
282 1487 429 1567 εὔζωνον
448 1487 625 1571 ἀναλαβὼν
643 1483 725 1572 ήγεν
744 1484 797 1553 ἐπὶ
815 1490 895 1564 τοὺς
909 1489 993 1574 πρὸς
1003 1484 1136 1578 Ἠρήτῳ

117 1596 517 1679 κατεστρατοπεδευκότας
544 1592 600 1659 καὶ
628 1597 758 1660 τίθεται
782 1595 842 1659 τὸν
864 1595 992 1680 χάρακα
1015 1595 1138 1680 μετέω-

118 1724 180 1787 ρον
211 1699 327 1783 ὀλίγον
356 1700 393 1764 τὸ
421 1698 542 1784 μεταξὺ
569 1702 695 1786 χωρίον
722 1700 921 1767 καταλιπόν.
968 1700 1072 1780 δόξαν
1096 1700 1190 1772 δὲτθῖ

76 1824 103 1865 15
116 1817 187 1884 τοῖς
222 1806 362 1890 ἡγεμόσι
398 1816 465 1870 τῶν
497 1808 657 1889 Σαβίνων
694 1806 802 1891 μάχην
835 1805 943 1887 ἕωθεν
974 1810 1138 1876 τίθεσθαι

116 1911 425 1999 μεταπεμψαμένοις
446 1914 484 1978 τὸ
506 1911 543 1977 έν
560 1913 691 1998 Φιδήνη
711 1913 908 1998 στράτευμα,
932 1915 1055 1998 μαθὼν
1072 1917 1138 1999 τήν

117 2018 273 2084 διάνοιαν
301 2019 412 2085 αὐτῶν
440 2018 459 2084 ὁ
486 2018 685 2104 Ταρκύνιος·
718 2016 802 2084 ἑάλω
830 2020 894 2104 γάρ
921 2019 939 2085 ὁ
966 2020 1008 2085 τά
1029 2021 1138 2108 γράμ-

116 2149 204 2211 ματα
226 2129 370 2210 κομίζων
392 2126 482 2211 παρά
504 2135 572 2190 τῶν
596 2125 743 2191 αὐτόθεν
761 2124 936 2210 ἡγεμόνων
953 2128 1038 2213 πρὸς
1056 2131 1138 2206 τοὺς

117 2232 196 2299 ἐκεί·
220 2235 325 2320 σοφίμ
343 2232 426 2318 πρὸς
441 2232 479 2297 τὸ
495 2232 627 2316 συμβάν
641 2230 704 2296 άπὸ
720 2233 820 2316 τύχης
834 2231 994 2317 ἐχρήσατο
1008 2237 1136 2322 τοιᾷδε.

76 2317 233 2433 ,ᾖνείμας
258 2340 321 2423 τήν
350 2340 495 2423 δύναμιν
524 2339 598 2422 διχή
626 2309 689 2421 τήύ
716 2333 777 2422 μὲν
801 2335 917 2424 ἑτέραν
938 2339 1004 2405 ὑπὸ
1027 2344 1136 2408 νύκτα

116 2445 237 2531 πέμπει
264 2447 382 2512 λαθὼν
408 2447 487 2522 τοὺς
508 2446 687 2528 πολεμίους
710 2440 763 2509 ἐπὶ
786 2444 848 2527 τήν
872 2443 1045 2529 φέρουσαν
1068 2447 1137 2515 άπὸ

120 2554 270 2636 Φιδήνης
293 2552 386 2634 ὁδόν,
409 2552 470 2634 τήν
494 2547 524 2615 δ’
548 2548 664 2636 ἑτέραν
683 2551 750 2635 άμα
767 2557 813 2638 τῷ
832 2553 987 2638 λαμπράν
1005 2551 1137 2640 ἡμέραν

116 2658 277 2744 γενέσθαι
309 2657 472 2736 συντάξας
502 2666 649 2742 προῆγεν
681 2656 717 2722 ἐκ
748 2665 809 2722 τοῦ
840 2658 984 2744 χάρακος
1014 2659 1059 2737 ὡς
1086 2663 1136 2738 εἰς

116 2766 237 2851 μάχην·
284 2761 339 2829 καὶ
376 2764 411 2828 οἱ
440 2766 585 2845 Σαβῖνοι
618 2765 860 2848 τεθαρρηκότες
891 2763 1135 2851 ἀντεπεξῄεσαν

76 2888 102 2930 25
117 2873 196 2949 τούς
213 2895 249 2936 τε
267 2872 446 2954 πολεμίους
465 2868 506 2934 ού
524 2871 669 2946 πολλοὺς
687 2869 831 2955 δρῶντες
848 2867 903 2934 καὶ
923 2871 985 2954 τήν
1004 2870 1136 2939 ἑαυτῶν

188 3082 310 3151 2μείων
330 3080 375 3134 Ba
411 3085 490 3149 μεῖον
508 3079 555 3132 Bb
618 3085 643 3133 4.
664 3084 705 3134 15.
725 3077 901 3152 Σαβ<ί>νων
919 3079 966 3134 Bb
985 3083 1072 3150 atque
1091 3082 1135 3138 sic

117 3169 228 3223 semper
289 3159 305 3207 ὃ
324 3149 454 3222 μεγάλοις
473 3150 537 3206 add.
555 3150 578 3203 B
643 3157 668 3205 6.
688 3156 730 3205 12.
746 3148 867 3220 Ἠρήτου
885 3150 932 3204 Ba
964 3148 1065 3222 Ἰρίτοο
1084 3153 1134 3208 Bb

118 3223 296 3294 7Φειδηνὴν
315 3222 361 3275 Bb
435 3219 631 3294 8δύναμ<ι>ς
649 3219 721 3274 Bb.
766 3221 930 3314 9ταύτυιΒ
993 3229 1026 3278 10
1045 3244 1136 3278 κατα-

117 3347 262 3418 σκευὴνΒ
354 3352 387 3401 14
406 3343 438 3400 δὲ
457 3345 600 3415 Kiessling
636 3344 708 3400 τεΟ
798 3351 831 3400 16
850 3313 971 3416 φὲιδηνη
990 3346 1013 3399 Β
1033 3352 1056 3418 (ϊ
1072 3347 1134 3419 Bb)

116 3421 202 3488 atque
222 3417 263 3473 sio
282 3435 391 3488 semper
427 3416 574 3488 φειδήνοις
591 3418 617 3471 Α
