2414 3840
77 175 141 239 m
421 179 666 266 Ι-Ε-

74 343 197 421 μαθεῖν
225 336 456 421 βουλομένων,
484 339 529 402 Ec
554 340 675 422 φίλους
702 338 777 405 ἀντὶ
798 343 986 425 πολεμίων,
1016 343 1081 426 ἔφη
1099 363 1207 424 3·

74 447 230 528 ποιήσαιο
266 447 345 520 τοὺς
377 445 521 530 ἀνδρας,
559 445 756 532 τιμιωτέραν
788 446 1001 532 ἡγησάμενος
1033 448 1188 532 τήν

74 558 218 616 σεαυτοῦ
246 552 358 635 ψνχὴν
385 559 442 635 τῆς
468 553 621 617 καθόδου
644 563 711 616 τῶν
734 555 799 618 σὺν
826 557 1006 643 Ταρκυνίῳ
1031 579 1081 640 φυ
1116 591 1192 603 -

39 659 197 741 3γάδοιν.
244 654 311 721 Καὶ
335 657 352 722 ὁ
377 659 534 740 βασιλεὺς
556 659 596 722 τδι
618 657 776 743 κράτιστα
799 656 861 743 μέν
884 662 1014 744 ἔφησεν
1039 661 1102 726 αθ
1148 697 1196 709 -

47 765 133 830 στὸν
166 761 291 847 λέγειν,
324 766 448 847 βουλής
481 761 512 828 δ’
539 758 625 829 εἶναι
653 763 747 842 ἀξιον
775 766 812 830 τὸ
840 775 992 853 πρᾶγμα,
1028 778 1081 833 πῶ
1155 789 1200 843 ς

74 869 247 955 εὐπρεπεῖς
267 872 465 954 γενήσονται
484 871 567 955 πρὸς
586 871 708 948 αὐτοὺς
727 872 764 936 αί
781 873 971 957 διαλλαγαί·
996 873 1203 958 μεγοΞ-

73 981 137 1060 λην
161 977 325 1061 αἰσχύνην
348 978 487 1061 φάσκων
511 971 608 1060 εἶναι,
633 978 665 1041 εί
686 980 853 1065 κρατήσας
871 978 987 1044 αὐτῶν
1008 981 1205 1066 μάχ-ῃ

72 1082 129 1149 καί
151 1086 312 1169 τειχήρεις
336 1086 420 1167 ἔχων
445 1083 669 1167 ἀπελεύσεται,
694 1081 804 1168 μηθὲν
824 1079 872 1150 ὧν
891 1090 1158 1173 Ταρκυνίοις·-

72 1189 231 1275 ύπέσχετο
265 1190 543 1276 διαπραξάμενος,
577 1191 687 1276 ὥσπερ
721 1190 903 1274 ἡττημένος
931 1192 999 1258 ὑπὸ
1029 1205 1147 1261 τῶ-

33 1295 300 1381 ιονενικημένων
327 1295 382 1363 καί
409 1297 584 1382 πεφευγὼς
610 1300 690 1375 τοὺς
717 1295 795 1382 μηδ’
818 1297 854 1363 ἐκ
880 1308 950 1364 τῶν
977 1306 1150 1367 πυλᾶ-

73 1403 301 1487 ύπομένοντας
333 1406 380 1468 ἔτι
410 1408 603 1487 προελθεῖν·
640 1405 721 1487 μίαν
749 1399 787 1468 δὲ
815 1406 924 1488 μόνην
953 1407 1207 1472 ἔσεσθε-ει

72 1508 272 1594 ἀποφαίνων
294 1511 400 1593 καλὴν
422 1518 480 1593 τὴς
503 1512 626 1594 ἔχθρας
649 1510 759 1592 λύσιν,
783 1511 814 1574 εί
834 1512 924 1597 παρὰ
947 1521 1019 1578 τῶν
1038 1534 1195 1579 πο

73 1618 197 1700 λεμίων
229 1614 473 1701 παραγένοιντό
505 1640 593 1692 τινες
622 1617 705 1701 πρὸς
737 1615 841 1682 αὐτὸν
872 1613 950 1703 περὶ
978 1622 1207 1702 φιλία

73 1724 314 1806 διαλεγόμενοι.

33 1848 59 1889 15
139 1829 259 1895 XXXI.
295 1834 405 1894 Ταῦτα
437 1825 498 1913 μὲν
526 1830 600 1893 τότε
627 1831 712 1914 πρὸς
737 1830 797 1895 τὸν
824 1829 902 1895 υίὸν
929 1828 989 1896 καί
1017 1831 1206 1899 τοὺς

72 1937 239 2019 παρόντας
254 1929 357 2000 εἶπεν·
382 1933 509 2017 ὀλίγαις
522 1929 554 1998 δ’
567 1935 708 2020 ὕστερον
722 1934 860 2022 ἡμέραις
873 1936 977 2014 αὐτὸς
993 1938 1203 2022 ἡναγ-

72 2041 182 2126 κάσθη
207 2043 365 2125 πρότερος
389 2041 503 2126 ἀρχειν
526 2043 636 2124 λόγων
660 2042 926 2129 διαλλακτηρίων
950 2044 1012 2110 διδ
1029 2052 1200 2112 τοι·

74 2147 179 2231 αύτην
215 2149 341 2212 αἰτίαν·
388 2146 639 2231 ἐσκεδασμένων
675 2148 739 2213 ἀνδι
774 2150 836 2233 τὴν
872 2150 989 2237 χώραν
1029 2154 1121 2217 τῶ
1205 2159 1207 2175 ¹

74 2263 285 2339 στρατιωτῶν
312 2251 368 2318 καὶ
397 2255 455 2330 τὰς
485 2251 649 2337 ἀγομένας
677 2255 724 2331 είς
751 2255 812 2339 τὴν
831 2258 940 2321 πόλιν
968 2251 1200 2346 ἀγοριϊῖ

35 2380 61 2420 20
76 2360 337 2447 ἀφαιρουμένων
363 2358 540 2426 καὶτοῦτο
563 2361 754 2427 ποιούντων
777 2372 940 2446 συνεχῶς,
969 2365 1010 2430 οί
1029 2367 1120 2432 πᾶν
1144 2365 1199 2406 ‘¹'

69 2464 240 2552 Ῥωμαίων
267 2468 388 2532 ύπατοι
416 2469 617 2552 λοχήσαντες
645 2467 768 2545 αὐτοὺς
796 2467 833 2533 έν
860 2473 951 2557 καλῷ
981 2465 1196 2560 χωρίξ)

76 2576 318 2658 διαφθείρουσί
337 2596 373 2638 τε
397 2574 542 2658 συχνοὺς
563 2571 619 2637 καὶ
641 2575 690 2638 ἔτι
712 2577 848 2651 πλείους
870 2585 939 2640 τῶν
960 2575 1194 2666 ἀναιρέ·

74 2678 206 2745 θέντων
231 2682 458 2766 αίχμαλώτους
476 2680 714 2764 λαμβάνουσιν.
751 2676 804 2764 ἐφ’
827 2670 1114 2768 ᾦχαλεπαίνοι
1123 2681 1190 2721 )·

75 2809 128 2862 τες
156 2787 191 2850 οί
215 2784 384 2871 Τυρρηνοὶ
413 2784 612 2870 διελέγοντο
629 2787 713 2871 πρὸς
740 2786 904 2869 ἀλλήλους
926 2791 1015 2856 κατὰ
1037 2788 1184 2856 61)·

37 2902 63 2952 ιε
76 2893 238 2977 στροφάς,
273 2891 315 2957 δι’
339 2895 445 2969 αίτίας
472 2894 531 2957 τόν
558 2915 593 2957 τε
621 2890 759 2976 βασιλέα
785 2890 841 2957 καὶ
867 2894 948 2971 τοὺς
970 2895 1180 2963 ἄλλους

75 2998 240 3084 ἡγεμόνας
263 3002 394 3084 ἔχοντες
416 2997 470 3063 ἐπὶ
492 3007 532 3083 τῇ
554 3002 651 3084 τριβή
670 3008 730 3064 τοῦ
748 2998 897 3084 πολέμου
913 2999 971 3066 καὶ
990 2987 1173 3070 ἀποικ·

40 3104 254 3172 λλύττεσθαι
286 3112 473 3182 ποθοῦντες
506 3104 558 3171 ἐπὶ
585 3107 625 3170 τά
641 3107 766 3193 οἰκεῖα.
813 3105 912 3184 δόξας
940 3103 1004 3191 μὲν
1032 3087 1166 3176 οὖν

148 3303 164 3352 ὃ
184 3299 246 3353 δεῖν
268 3297 349 3366 ἡξίου
373 3314 396 3352 ο.
415 3296 559 3368 Kiessling
631 3304 646 3352 6
667 3295 700 3353 αλ
715 3298 865 3370 διαλλαγαὶ
882 3298 1072 3370 γενήσονται
1124 3277 1154 3332 Β

77 3367 110 3424 αἱ
130 3368 200 3441 πρὸς
224 3370 326 3432 αύτούς
349 3369 497 3439 διαλλαγαί
520 3387 542 3425 ο.
568 3368 658 3424 Cobet
676 3369 741 3424 obs.
760 3390 786 3440 p.
802 3377 837 3425 99
947 3369 1071 3444 7<εί>
1118 3348 1150 3403 Β
1201 3374 1206 3389 ’

76 3438 248 3512 δμηθὲνΒ
285 3440 374 3511 μηδὲν
393 3442 418 3494 R
