<?xml version="1.0" encoding="UTF-8"?>
<!DOCTYPE html PUBLIC "-//W3C//DTD XHTML 1.0 Transitional//EN"
    "http://www.w3.org/TR/xhtml1/DTD/xhtml1-transitional.dtd">
<html xmlns="http://www.w3.org/1999/xhtml" xml:lang="en" lang="en">
 <head>
  <title>
</title>
<meta http-equiv="Content-Type" content="text/html;charset=utf-8" />
  <meta name='ocr-system' content='tesseract 3.04.00' />
  <meta name='ocr-capabilities' content='ocr_page ocr_carea ocr_par ocr_line ocrx_word'/>
</head>
<body>
  <div class='ocr_page' id='page_1' title='image "./dionysihalicarn02diongoog_0379.png"; bbox 0 0 2414 3840; ppageno 0'>
   <div class='ocr_carea' id='block_1_1' title="bbox 547 165 709 216">
    <p class='ocr_par' dir='ltr' id='par_1_1' title="bbox 547 165 709 216">
     <span class='ocr_line' id='line_1_1' title="bbox 547 165 709 216; baseline -0.006 -11"><span class='ocrx_word' id='word_1_1' title='bbox 547 165 709 216; x_wconf 74' lang='grc' dir='ltr'><strong><em>,ς-</em></strong></span> 
     </span>
    </p>
   </div>
   <div class='ocr_carea' id='block_1_2' title="bbox 83 323 1192 944">
    <p class='ocr_par' dir='ltr' id='par_1_2' title="bbox 83 323 1192 944">
     <span class='ocr_line' id='line_1_2' title="bbox 121 323 1136 412; baseline -0.002 -19"><span class='ocrx_word' id='word_1_2' title='bbox 121 326 177 393; x_wconf 83' lang='grc' dir='ltr'><strong><em>καὶ</em></strong></span> <span class='ocrx_word' id='word_1_3' title='bbox 200 329 258 405; x_wconf 86' lang='grc' dir='ltr'><strong><em>τάς</em></strong></span> <span class='ocrx_word' id='word_1_4' title='bbox 279 328 413 412; x_wconf 98' lang='grc' dir='ltr'><strong><em>γνώμας</em></strong></span> <span class='ocrx_word' id='word_1_5' title='bbox 435 337 503 391; x_wconf 88' lang='grc' dir='ltr'><strong><em>τῶν</em></strong></span> <span class='ocrx_word' id='word_1_6' title='bbox 525 327 708 412; x_wconf 80' lang='grc' dir='ltr'><strong><em>πατρικίων</em></strong></span> <span class='ocrx_word' id='word_1_7' title='bbox 732 323 955 410; x_wconf 78' lang='grc' dir='ltr'><strong><em>ἐξηττωμένας</em></strong></span> <span class='ocrx_word' id='word_1_8' title='bbox 975 336 1044 391; x_wconf 89' lang='grc' dir='ltr'><strong><em>τῶν</em></strong></span> <span class='ocrx_word' id='word_1_9' title='bbox 1064 328 1136 410; x_wconf 82' lang='grc' dir='ltr'><strong><em>δεη-</em></strong></span> 
     </span>
     <span class='ocr_line' id='line_1_3' title="bbox 122 429 1137 519; baseline -0.002 -19"><span class='ocrx_word' id='word_1_10' title='bbox 122 451 225 518; x_wconf 93' lang='grc' dir='ltr'><strong><em>σεων,</em></strong></span> <span class='ocrx_word' id='word_1_11' title='bbox 254 433 293 511; x_wconf 84' lang='grc' dir='ltr'><strong><em>ἀς</em></strong></span> <span class='ocrx_word' id='word_1_12' title='bbox 320 434 496 500; x_wconf 83' lang='grc' dir='ltr'><strong><em>ἐποιοῦντο</em></strong></span> <span class='ocrx_word' id='word_1_13' title='bbox 526 436 589 498; x_wconf 83' lang='grc' dir='ltr'><strong><em>σὺν</em></strong></span> <span class='ocrx_word' id='word_1_14' title='bbox 613 434 739 516; x_wconf 77' lang='grc' dir='ltr'><strong><em>οίμωγῇ</em></strong></span> <span class='ocrx_word' id='word_1_15' title='bbox 762 429 819 495; x_wconf 83' lang='grc' dir='ltr'><strong><em>καὶ</em></strong></span> <span class='ocrx_word' id='word_1_16' title='bbox 841 431 976 519; x_wconf 73' lang='grc' dir='ltr'><strong><em>ὀδυρμῷ</em></strong></span> <span class='ocrx_word' id='word_1_17' title='bbox 1000 431 1137 518; x_wconf 78' lang='grc' dir='ltr'><strong><em>πατέρες</em></strong></span> 
     </span>
     <span class='ocr_line' id='line_1_4' title="bbox 122 538 1137 626; baseline 0 -21"><span class='ocrx_word' id='word_1_18' title='bbox 122 562 157 605; x_wconf 89' lang='grc' dir='ltr'><strong><em>τε</em></strong></span> <span class='ocrx_word' id='word_1_19' title='bbox 189 538 245 605; x_wconf 83' lang='grc' dir='ltr'><strong><em>καὶ</em></strong></span> <span class='ocrx_word' id='word_1_20' title='bbox 272 540 389 605; x_wconf 90' lang='grc' dir='ltr'><strong><em>παιδία</em></strong></span> <span class='ocrx_word' id='word_1_21' title='bbox 412 542 515 623; x_wconf 79' lang='grc' dir='ltr'><strong><em>νήπια</em></strong></span> <span class='ocrx_word' id='word_1_22' title='bbox 542 549 610 604; x_wconf 91' lang='grc' dir='ltr'><strong><em>τῶν</em></strong></span> <span class='ocrx_word' id='word_1_23' title='bbox 638 538 846 620; x_wconf 90' lang='grc' dir='ltr'><strong><em>ἀποστατῶν,</em></strong></span> <span class='ocrx_word' id='word_1_24' title='bbox 873 544 914 622; x_wconf 73' lang='grc' dir='ltr'><strong><em>τῇ</em></strong></span> <span class='ocrx_word' id='word_1_25' title='bbox 941 541 1043 626; x_wconf 83' lang='grc' dir='ltr'><strong><em>κυρίηι</em></strong></span> <span class='ocrx_word' id='word_1_26' title='bbox 1071 551 1137 605; x_wconf 90' lang='grc' dir='ltr'><strong><em>τῶν</em></strong></span> 
     </span>
     <span class='ocr_line' id='line_1_5' title="bbox 122 642 1192 732; baseline -0.008 -21"><span class='ocrx_word' id='word_1_27' title='bbox 122 646 256 731; x_wconf 74' lang='grc' dir='ltr'><strong><em>ἡμερῶν</em></strong></span> <span class='ocrx_word' id='word_1_28' title='bbox 282 644 419 732; x_wconf 78' lang='grc' dir='ltr'><strong><em>ἐξῄεσαν</em></strong></span> <span class='ocrx_word' id='word_1_29' title='bbox 448 642 501 710; x_wconf 86' lang='grc' dir='ltr'><strong><em>ἐπὶ</em></strong></span> <span class='ocrx_word' id='word_1_30' title='bbox 527 645 588 728; x_wconf 82' lang='grc' dir='ltr'><strong><em>την</em></strong></span> <span class='ocrx_word' id='word_1_31' title='bbox 611 643 738 728; x_wconf 87' lang='grc' dir='ltr'><strong><em>ἀγοράν</em></strong></span> <span class='ocrx_word' id='word_1_32' title='bbox 761 643 1080 729; x_wconf 78' lang='grc' dir='ltr'><strong><em>στενοχωρουμένην</em></strong></span> <span class='ocrx_word' id='word_1_33' title='bbox 1103 645 1192 710; x_wconf 81' lang='grc' dir='ltr'><strong><em>ἐκ1193</em></strong></span> 
     </span>
     <span class='ocr_line' id='line_1_6' title="bbox 83 733 1138 849; baseline 0 -33"><span class='ocrx_word' id='word_1_34' title='bbox 83 733 247 849; x_wconf 48' lang='grc' dir='ltr'><strong><em>ἕπολλης</em></strong></span> <span class='ocrx_word' id='word_1_35' title='bbox 269 754 318 816; x_wconf 87' lang='grc' dir='ltr'><strong><em>έτι</em></strong></span> <span class='ocrx_word' id='word_1_36' title='bbox 339 753 460 849; x_wconf 87' lang='grc' dir='ltr'><strong><em>νυκτὸς</em></strong></span> <span class='ocrx_word' id='word_1_37' title='bbox 477 752 609 815; x_wconf 82' lang='grc' dir='ltr'><strong><em>ἀπασαν</em></strong></span> <span class='ocrx_word' id='word_1_38' title='bbox 629 751 715 837; x_wconf 82' lang='grc' dir='ltr'><strong><em>όχλφ</em></strong></span> <span class='ocrx_word' id='word_1_39' title='bbox 734 751 944 838; x_wconf 77' lang='grc' dir='ltr'><strong><em>παντοδαπῷ.</em></strong></span> <span class='ocrx_word' id='word_1_40' title='bbox 981 748 1039 815; x_wconf 83' lang='grc' dir='ltr'><strong><em>καὶ</em></strong></span> <span class='ocrx_word' id='word_1_41' title='bbox 1056 772 1138 838; x_wconf 80' lang='grc' dir='ltr'><strong><em>παρ</em></strong></span> 
     </span>
     <span class='ocr_line' id='line_1_7' title="bbox 96 851 1139 944; baseline 0 -21"><span class='ocrx_word' id='word_1_42' title='bbox 96 873 98 879; x_wconf 78' lang='grc'>’</span> <span class='ocrx_word' id='word_1_43' title='bbox 124 861 280 936; x_wconf 88' lang='grc' dir='ltr'><strong><em>ελθόντες</em></strong></span> <span class='ocrx_word' id='word_1_44' title='bbox 307 856 361 924; x_wconf 84' lang='grc' dir='ltr'><strong><em>ἐπὶ</em></strong></span> <span class='ocrx_word' id='word_1_45' title='bbox 387 860 424 924; x_wconf 89' lang='grc' dir='ltr'><strong><em>τὸ</em></strong></span> <span class='ocrx_word' id='word_1_46' title='bbox 458 859 550 944; x_wconf 89' lang='grc' dir='ltr'><strong><em>ίερὸν</em></strong></span> <span class='ocrx_word' id='word_1_47' title='bbox 572 865 633 922; x_wconf 88' lang='grc' dir='ltr'><strong><em>τοῦ</em></strong></span> <span class='ocrx_word' id='word_1_48' title='bbox 652 851 853 939; x_wconf 89' lang='grc' dir='ltr'><strong><em>Ἡφαίστου,</em></strong></span> <span class='ocrx_word' id='word_1_49' title='bbox 884 858 970 921; x_wconf 87' lang='grc' dir='ltr'><strong><em>ένθα</em></strong></span> <span class='ocrx_word' id='word_1_50' title='bbox 993 853 1036 940; x_wconf 76' lang='grc' dir='ltr'><strong><em>ην</em></strong></span> <span class='ocrx_word' id='word_1_51' title='bbox 1061 860 1139 935; x_wconf 82' lang='grc' dir='ltr'><strong><em>ἔθος</em></strong></span> 
     </span>
    </p>
   </div>
   <div class='ocr_carea' id='block_1_3' title="bbox 81 960 1191 3278">
    <p class='ocr_par' dir='ltr' id='par_1_3' title="bbox 123 960 1138 1261">
     <span class='ocr_line' id='line_1_8' title="bbox 124 960 1138 1050; baseline 0.002 -23"><span class='ocrx_word' id='word_1_52' title='bbox 124 964 238 1041; x_wconf 80' lang='grc' dir='ltr'><strong><em>αὐτοῖς</em></strong></span> <span class='ocrx_word' id='word_1_53' title='bbox 259 966 318 1041; x_wconf 86' lang='grc' dir='ltr'><strong><em>τδς</em></strong></span> <span class='ocrx_word' id='word_1_54' title='bbox 340 964 513 1048; x_wconf 79' lang='grc' dir='ltr'><strong><em>ἐκκλησίας</em></strong></span> <span class='ocrx_word' id='word_1_55' title='bbox 536 963 707 1045; x_wconf 81' lang='grc' dir='ltr'><strong><em>ἐπιτελεῖν,</em></strong></span> <span class='ocrx_word' id='word_1_56' title='bbox 732 972 864 1047; x_wconf 88' lang='grc' dir='ltr'><strong><em>πρῶτον</em></strong></span> <span class='ocrx_word' id='word_1_57' title='bbox 887 960 949 1046; x_wconf 74' lang='grc' dir='ltr'><strong><em>μέν</em></strong></span> <span class='ocrx_word' id='word_1_58' title='bbox 972 960 1138 1050; x_wconf 78' lang='grc' dir='ltr'><strong><em>ἐπῄνεσαν</em></strong></span> 
     </span>
     <span class='ocr_line' id='line_1_9' title="bbox 123 1065 1138 1155; baseline 0.002 -21"><span class='ocrx_word' id='word_1_59' title='bbox 123 1072 183 1135; x_wconf 88' lang='grc' dir='ltr'><strong><em>τὸν</em></strong></span> <span class='ocrx_word' id='word_1_60' title='bbox 207 1072 315 1155; x_wconf 78' lang='grc' dir='ltr'><strong><em>δῆμον</em></strong></span> <span class='ocrx_word' id='word_1_61' title='bbox 338 1069 391 1136; x_wconf 86' lang='grc' dir='ltr'><strong><em>ἐπὶ</em></strong></span> <span class='ocrx_word' id='word_1_62' title='bbox 409 1079 449 1155; x_wconf 72' lang='grc' dir='ltr'><strong><em>τῇ</em></strong></span> <span class='ocrx_word' id='word_1_63' title='bbox 469 1071 598 1154; x_wconf 76' lang='grc' dir='ltr'><strong><em>σπουδῇ</em></strong></span> <span class='ocrx_word' id='word_1_64' title='bbox 615 1065 671 1135; x_wconf 77' lang='grc' dir='ltr'><strong><em>καὶ</em></strong></span> <span class='ocrx_word' id='word_1_65' title='bbox 689 1071 862 1155; x_wconf 81' lang='grc' dir='ltr'><strong><em>προθυμίᾳ</em></strong></span> <span class='ocrx_word' id='word_1_66' title='bbox 881 1076 939 1152; x_wconf 77' lang='grc' dir='ltr'><strong><em>τῆς</em></strong></span> <span class='ocrx_word' id='word_1_67' title='bbox 957 1071 1042 1135; x_wconf 80' lang='grc' dir='ltr'><strong><em>κατὰ</em></strong></span> <span class='ocrx_word' id='word_1_68' title='bbox 1059 1076 1138 1153; x_wconf 80' lang='grc' dir='ltr'><strong><em>πλῆ-</em></strong></span> 
     </span>
     <span class='ocr_line' id='line_1_10' title="bbox 123 1172 1138 1261; baseline 0.001 -21"><span class='ocrx_word' id='word_1_69' title='bbox 123 1183 187 1253; x_wconf 89' lang='grc' dir='ltr'><strong><em>θος</em></strong></span> <span class='ocrx_word' id='word_1_70' title='bbox 206 1175 360 1259; x_wconf 77' lang='grc' dir='ltr'><strong><em>ἀφίξεως·</em></strong></span> <span class='ocrx_word' id='word_1_71' title='bbox 385 1179 495 1242; x_wconf 80' lang='grc' dir='ltr'><strong><em>ἔπειτα</em></strong></span> <span class='ocrx_word' id='word_1_72' title='bbox 512 1175 741 1261; x_wconf 88' lang='grc' dir='ltr'><strong><em>παρεκάλεσαν</em></strong></span> <span class='ocrx_word' id='word_1_73' title='bbox 755 1173 950 1259; x_wconf 88' lang='grc' dir='ltr'><strong><em>ἐκδέχεσθαι</em></strong></span> <span class='ocrx_word' id='word_1_74' title='bbox 963 1172 1041 1260; x_wconf 87' lang='grc' dir='ltr'><strong><em>μεθ’</em></strong></span> <span class='ocrx_word' id='word_1_75' title='bbox 1060 1176 1138 1260; x_wconf 82' lang='grc' dir='ltr'><strong><em>ησυ-</em></strong></span> 
     </span>
    </p>

    <p class='ocr_par' dir='ltr' id='par_1_4' title="bbox 82 1280 1139 1792">
     <span class='ocr_line' id='line_1_11' title="bbox 82 1280 1138 1366; baseline 0.004 -24"><span class='ocrx_word' id='word_1_76' title='bbox 82 1303 110 1343; x_wconf 85' lang='lat'><strong><em>10</em></strong></span> <span class='ocrx_word' id='word_1_77' title='bbox 123 1284 208 1366; x_wconf 82' lang='grc' dir='ltr'><strong><em>χίας,</em></strong></span> <span class='ocrx_word' id='word_1_78' title='bbox 229 1281 292 1357; x_wconf 80' lang='grc' dir='ltr'><strong><em>ἕως</em></strong></span> <span class='ocrx_word' id='word_1_79' title='bbox 309 1281 352 1346; x_wconf 88' lang='grc' dir='ltr'><strong><em>ἀν</em></strong></span> <span class='ocrx_word' id='word_1_80' title='bbox 369 1280 506 1365; x_wconf 88' lang='grc' dir='ltr'><strong><em>γένηται</em></strong></span> <span class='ocrx_word' id='word_1_81' title='bbox 524 1282 561 1345; x_wconf 90' lang='grc' dir='ltr'><strong><em>τὸ</em></strong></span> <span class='ocrx_word' id='word_1_82' title='bbox 579 1282 815 1366; x_wconf 80' lang='grc' dir='ltr'><strong><em>προβούλευμα</em></strong></span> <span class='ocrx_word' id='word_1_83' title='bbox 833 1288 891 1363; x_wconf 82' lang='grc' dir='ltr'><strong><em>τῆς</em></strong></span> <span class='ocrx_word' id='word_1_84' title='bbox 909 1284 1048 1366; x_wconf 80' lang='grc' dir='ltr'><strong><em>βουλῆς·</em></strong></span> <span class='ocrx_word' id='word_1_85' title='bbox 1072 1292 1138 1358; x_wconf 79' lang='grc' dir='ltr'><strong><em>τοῖς</em></strong></span> 
     </span>
     <span class='ocr_line' id='line_1_12' title="bbox 125 1381 1138 1472; baseline 0.001 -20"><span class='ocrx_word' id='word_1_86' title='bbox 125 1381 155 1452; x_wconf 85' lang='grc' dir='ltr'><strong><em>δ’</em></strong></span> <span class='ocrx_word' id='word_1_87' title='bbox 178 1388 312 1463; x_wconf 88' lang='grc' dir='ltr'><strong><em>οίκείοις</em></strong></span> <span class='ocrx_word' id='word_1_88' title='bbox 339 1396 408 1451; x_wconf 88' lang='grc' dir='ltr'><strong><em>τῶν</em></strong></span> <span class='ocrx_word' id='word_1_89' title='bbox 434 1386 628 1452; x_wconf 81' lang='grc' dir='ltr'><strong><em>ἀποστατῶν</em></strong></span> <span class='ocrx_word' id='word_1_90' title='bbox 652 1386 783 1469; x_wconf 80' lang='grc' dir='ltr'><strong><em>ἀγαθός</em></strong></span> <span class='ocrx_word' id='word_1_91' title='bbox 804 1386 980 1472; x_wconf 77' lang='grc' dir='ltr'><strong><em>παρῄνουν</em></strong></span> <span class='ocrx_word' id='word_1_92' title='bbox 1004 1387 1138 1464; x_wconf 89' lang='grc' dir='ltr'><strong><em>ἐλπίδας</em></strong></span> 
     </span>
     <span class='ocr_line' id='line_1_13' title="bbox 124 1492 1138 1580; baseline 0.004 -24"><span class='ocrx_word' id='word_1_93' title='bbox 124 1494 222 1576; x_wconf 88' lang='grc' dir='ltr'><strong><em>ἐχειν,</em></strong></span> <span class='ocrx_word' id='word_1_94' title='bbox 246 1493 290 1570; x_wconf 84' lang='grc' dir='ltr'><strong><em>ώς</em></strong></span> <span class='ocrx_word' id='word_1_95' title='bbox 314 1493 355 1559; x_wconf 86' lang='grc' dir='ltr'><strong><em>οὐ</em></strong></span> <span class='ocrx_word' id='word_1_96' title='bbox 375 1494 431 1558; x_wconf 89' lang='grc' dir='ltr'><strong><em>διά</em></strong></span> <span class='ocrx_word' id='word_1_97' title='bbox 449 1501 579 1578; x_wconf 85' lang='grc' dir='ltr'><strong><em>μακροῦ</em></strong></span> <span class='ocrx_word' id='word_1_98' title='bbox 597 1492 831 1579; x_wconf 81' lang='grc' dir='ltr'><strong><em>κομιουμένοις</em></strong></span> <span class='ocrx_word' id='word_1_99' title='bbox 848 1495 889 1559; x_wconf 86' lang='grc' dir='ltr'><strong><em>τά</em></strong></span> <span class='ocrx_word' id='word_1_100' title='bbox 907 1497 1063 1580; x_wconf 89' lang='grc' dir='ltr'><strong><em>φίλτατα,</em></strong></span> <span class='ocrx_word' id='word_1_101' title='bbox 1086 1493 1138 1562; x_wconf 82' lang='grc' dir='ltr'><strong><em>καὶ</em></strong></span> 
     </span>
     <span class='ocr_line' id='line_1_14' title="bbox 124 1597 1138 1685; baseline 0.004 -22"><span class='ocrx_word' id='word_1_102' title='bbox 124 1600 204 1682; x_wconf 89' lang='grc' dir='ltr'><strong><em>μετδι</em></strong></span> <span class='ocrx_word' id='word_1_103' title='bbox 236 1608 334 1665; x_wconf 87' lang='grc' dir='ltr'><strong><em>τοῦτο</em></strong></span> <span class='ocrx_word' id='word_1_104' title='bbox 367 1603 593 1685; x_wconf 78' lang='grc' dir='ltr'><strong><em>παρελθόντες</em></strong></span> <span class='ocrx_word' id='word_1_105' title='bbox 625 1602 672 1676; x_wconf 90' lang='grc' dir='ltr'><strong><em>είς</em></strong></span> <span class='ocrx_word' id='word_1_106' title='bbox 703 1601 740 1664; x_wconf 89' lang='grc' dir='ltr'><strong><em>τὸ</em></strong></span> <span class='ocrx_word' id='word_1_107' title='bbox 771 1597 951 1684; x_wconf 89' lang='grc' dir='ltr'><strong><em>συνέδριον</em></strong></span> <span class='ocrx_word' id='word_1_108' title='bbox 981 1601 1083 1667; x_wconf 85' lang='grc' dir='ltr'><strong><em>αὐτοί</em></strong></span> <span class='ocrx_word' id='word_1_109' title='bbox 1106 1625 1138 1668; x_wconf 85' lang='grc' dir='ltr'><strong><em>τε</em></strong></span> 
     </span>
     <span class='ocr_line' id='line_1_15' title="bbox 125 1704 1139 1792; baseline 0.003 -23"><span class='ocrx_word' id='word_1_110' title='bbox 125 1704 347 1790; x_wconf 77' lang='grc' dir='ltr'><strong><em>διελέχθησαν</em></strong></span> <span class='ocrx_word' id='word_1_111' title='bbox 375 1706 527 1781; x_wconf 78' lang='grc' dir='ltr'><strong><em>ἐπιεικεῖς</em></strong></span> <span class='ocrx_word' id='word_1_112' title='bbox 553 1704 608 1771; x_wconf 84' lang='grc' dir='ltr'><strong><em>καὶ</em></strong></span> <span class='ocrx_word' id='word_1_113' title='bbox 636 1709 790 1792; x_wconf 86' lang='grc' dir='ltr'><strong><em>μετρίους</em></strong></span> <span class='ocrx_word' id='word_1_114' title='bbox 817 1710 955 1790; x_wconf 86' lang='grc' dir='ltr'><strong><em>λόγους,</em></strong></span> <span class='ocrx_word' id='word_1_115' title='bbox 981 1706 1040 1772; x_wconf 83' lang='grc' dir='ltr'><strong><em>καὶ</em></strong></span> <span class='ocrx_word' id='word_1_116' title='bbox 1062 1710 1139 1784; x_wconf 81' lang='grc' dir='ltr'><strong><em>τοὺς</em></strong></span> 
     </span>
    </p>

    <p class='ocr_par' dir='ltr' id='par_1_5' title="bbox 85 1810 1191 2322">
     <span class='ocr_line' id='line_1_16' title="bbox 85 1810 1138 1897; baseline 0.003 -23"><span class='ocrx_word' id='word_1_117' title='bbox 85 1832 110 1873; x_wconf 76' lang='grc' dir='ltr'><strong><em>τε</em></strong></span> <span class='ocrx_word' id='word_1_118' title='bbox 125 1814 247 1888; x_wconf 86' lang='grc' dir='ltr'><strong><em>ἀλλους</em></strong></span> <span class='ocrx_word' id='word_1_119' title='bbox 271 1812 388 1895; x_wconf 82' lang='grc' dir='ltr'><strong><em>ἠξίουν</em></strong></span> <span class='ocrx_word' id='word_1_120' title='bbox 410 1813 554 1897; x_wconf 86' lang='grc' dir='ltr'><strong><em>χρηστὰς</em></strong></span> <span class='ocrx_word' id='word_1_121' title='bbox 577 1810 633 1877; x_wconf 84' lang='grc' dir='ltr'><strong><em>καὶ</em></strong></span> <span class='ocrx_word' id='word_1_122' title='bbox 656 1813 920 1897; x_wconf 86' lang='grc' dir='ltr'><strong><em>φιλανθρώπους</em></strong></span> <span class='ocrx_word' id='word_1_123' title='bbox 942 1812 1138 1878; x_wconf 87' lang='grc' dir='ltr'><strong><em>ἀποδείκνυ-</em></strong></span> 
     </span>
     <span class='ocr_line' id='line_1_17' title="bbox 124 1915 1137 2003; baseline 0.002 -21"><span class='ocrx_word' id='word_1_124' title='bbox 124 1924 207 1983; x_wconf 89' lang='grc' dir='ltr'><strong><em>σθαι</em></strong></span> <span class='ocrx_word' id='word_1_125' title='bbox 238 1919 380 2003; x_wconf 90' lang='grc' dir='ltr'><strong><em>γνώμας.</em></strong></span> <span class='ocrx_word' id='word_1_126' title='bbox 425 1928 558 2003; x_wconf 89' lang='grc' dir='ltr'><strong><em>πρῶτον</em></strong></span> <span class='ocrx_word' id='word_1_127' title='bbox 591 1915 628 1982; x_wconf 74' lang='grc' dir='ltr'><strong><em>δὲ</em></strong></span> <span class='ocrx_word' id='word_1_128' title='bbox 659 1927 726 1982; x_wconf 91' lang='grc' dir='ltr'><strong><em>τῶν</em></strong></span> <span class='ocrx_word' id='word_1_129' title='bbox 762 1919 873 1983; x_wconf 87' lang='grc' dir='ltr'><strong><em>ἀλλων</em></strong></span> <span class='ocrx_word' id='word_1_130' title='bbox 906 1918 1050 1984; x_wconf 88' lang='grc' dir='ltr'><strong><em>ἐκάλουν</em></strong></span> <span class='ocrx_word' id='word_1_131' title='bbox 1081 1921 1137 1984; x_wconf 89' lang='grc' dir='ltr'><strong><em>τὸν</em></strong></span> 
     </span>
     <span class='ocr_line' id='line_1_18' title="bbox 124 2023 1138 2108; baseline 0.002 -20"><span class='ocrx_word' id='word_1_132' title='bbox 124 2027 315 2108; x_wconf 79' lang='grc' dir='ltr'><strong><em>Μενήνιον·</em></strong></span> <span class='ocrx_word' id='word_1_133' title='bbox 352 2024 389 2102; x_wconf 89' lang='grc' dir='ltr'><strong><em>ὃς</em></strong></span> <span class='ocrx_word' id='word_1_134' title='bbox 420 2024 565 2100; x_wconf 82' lang='grc' dir='ltr'><strong><em>ἀναστὰς</em></strong></span> <span class='ocrx_word' id='word_1_135' title='bbox 595 2035 665 2099; x_wconf 82' lang='grc' dir='ltr'><strong><em>τοϊς</em></strong></span> <span class='ocrx_word' id='word_1_136' title='bbox 698 2024 812 2099; x_wconf 76' lang='grc' dir='ltr'><strong><em>αὐτοῖς</em></strong></span> <span class='ocrx_word' id='word_1_137' title='bbox 838 2023 1000 2108; x_wconf 79' lang='grc' dir='ltr'><strong><em>ἐχρήσατο</em></strong></span> <span class='ocrx_word' id='word_1_138' title='bbox 1028 2028 1138 2108; x_wconf 89' lang='grc' dir='ltr'><strong><em>λόγοις</em></strong></span> 
     </span>
     <span class='ocr_line' id='line_1_19' title="bbox 125 2122 1138 2217; baseline 0 -21"><span class='ocrx_word' id='word_1_139' title='bbox 125 2122 175 2207; x_wconf 87' lang='grc' dir='ltr'><strong><em>οἷς</em></strong></span> <span class='ocrx_word' id='word_1_140' title='bbox 193 2128 248 2196; x_wconf 83' lang='grc' dir='ltr'><strong><em>καὶ</em></strong></span> <span class='ocrx_word' id='word_1_141' title='bbox 270 2134 434 2217; x_wconf 89' lang='grc' dir='ltr'><strong><em>πρότερον</em></strong></span> <span class='ocrx_word' id='word_1_142' title='bbox 459 2128 512 2194; x_wconf 83' lang='grc' dir='ltr'><strong><em>ἐπὶ</em></strong></span> <span class='ocrx_word' id='word_1_143' title='bbox 529 2131 588 2206; x_wconf 87' lang='grc' dir='ltr'><strong><em>τάς</em></strong></span> <span class='ocrx_word' id='word_1_144' title='bbox 607 2130 788 2212; x_wconf 90' lang='grc' dir='ltr'><strong><em>διαλλαγάς</em></strong></span> <span class='ocrx_word' id='word_1_145' title='bbox 805 2131 868 2213; x_wconf 83' lang='grc' dir='ltr'><strong><em>την</em></strong></span> <span class='ocrx_word' id='word_1_146' title='bbox 886 2131 1015 2213; x_wconf 82' lang='grc' dir='ltr'><strong><em>βουλὴν</em></strong></span> <span class='ocrx_word' id='word_1_147' title='bbox 1036 2152 1138 2216; x_wconf 82' lang='grc' dir='ltr'><strong><em>παρα·</em></strong></span> 
     </span>
     <span class='ocr_line' id='line_1_20' title="bbox 124 2234 1191 2322; baseline 0.005 -20"><span class='ocrx_word' id='word_1_148' title='bbox 124 2242 235 2302; x_wconf 91' lang='grc' dir='ltr'><strong><em>καλῶν</em></strong></span> <span class='ocrx_word' id='word_1_149' title='bbox 262 2234 318 2301; x_wconf 87' lang='grc' dir='ltr'><strong><em>καὶ</em></strong></span> <span class='ocrx_word' id='word_1_150' title='bbox 345 2238 482 2322; x_wconf 77' lang='grc' dir='ltr'><strong><em>γνώμην</em></strong></span> <span class='ocrx_word' id='word_1_151' title='bbox 506 2236 700 2319; x_wconf 79' lang='grc' dir='ltr'><strong><em>ἀπεφήνατο</em></strong></span> <span class='ocrx_word' id='word_1_152' title='bbox 724 2236 786 2319; x_wconf 82' lang='grc' dir='ltr'><strong><em>την</em></strong></span> <span class='ocrx_word' id='word_1_153' title='bbox 809 2235 914 2319; x_wconf 82' lang='grc' dir='ltr'><strong><em>αὐτην</em></strong></span> <span class='ocrx_word' id='word_1_154' title='bbox 936 2235 1041 2314; x_wconf 81' lang='grc' dir='ltr'><strong><em>ἀξιῶν</em></strong></span> <span class='ocrx_word' id='word_1_155' title='bbox 1063 2244 1191 2322; x_wconf 70' lang='grc' dir='ltr'><strong><em>πρε-1194</em></strong></span> 
     </span>
    </p>

    <p class='ocr_par' dir='ltr' id='par_1_6' title="bbox 81 2341 1137 2535">
     <span class='ocr_line' id='line_1_21' title="bbox 81 2341 1137 2428; baseline 0.005 -25"><span class='ocrx_word' id='word_1_156' title='bbox 81 2365 111 2405; x_wconf 74' lang='grc' dir='ltr'><strong><em>εο</em></strong></span> <span class='ocrx_word' id='word_1_157' title='bbox 125 2346 242 2425; x_wconf 82' lang='grc' dir='ltr'><strong><em>σβείαν</em></strong></span> <span class='ocrx_word' id='word_1_158' title='bbox 264 2341 478 2409; x_wconf 87' lang='grc' dir='ltr'><strong><em>ἀποστέλλειν</em></strong></span> <span class='ocrx_word' id='word_1_159' title='bbox 496 2343 579 2427; x_wconf 91' lang='grc' dir='ltr'><strong><em>πρὸς</em></strong></span> <span class='ocrx_word' id='word_1_160' title='bbox 596 2344 675 2418; x_wconf 87' lang='grc' dir='ltr'><strong><em>τοὺς</em></strong></span> <span class='ocrx_word' id='word_1_161' title='bbox 694 2341 918 2426; x_wconf 87' lang='grc' dir='ltr'><strong><em>ἀφεστηκότας</em></strong></span> <span class='ocrx_word' id='word_1_162' title='bbox 937 2343 994 2407; x_wconf 84' lang='grc' dir='ltr'><strong><em>διδ</em></strong></span> <span class='ocrx_word' id='word_1_163' title='bbox 1012 2342 1137 2428; x_wconf 87' lang='grc' dir='ltr'><strong><em>ταχέων</em></strong></span> 
     </span>
     <span class='ocr_line' id='line_1_22' title="bbox 125 2449 665 2535; baseline 0 -23"><span class='ocrx_word' id='word_1_164' title='bbox 125 2449 353 2535; x_wconf 80' lang='grc' dir='ltr'><strong><em>αὐτοκράτορα</em></strong></span> <span class='ocrx_word' id='word_1_165' title='bbox 376 2459 443 2514; x_wconf 91' lang='grc' dir='ltr'><strong><em>τῶν</em></strong></span> <span class='ocrx_word' id='word_1_166' title='bbox 468 2451 665 2532; x_wconf 83' lang='grc' dir='ltr'><strong><em>διαλλαγῶν.</em></strong></span> 
     </span>
    </p>

    <p class='ocr_par' dir='ltr' id='par_1_7' title="bbox 124 2551 1138 2854">
     <span class='ocr_line' id='line_1_23' title="bbox 191 2551 1133 2638; baseline 0.002 -20"><span class='ocrx_word' id='word_1_167' title='bbox 191 2554 340 2620; x_wconf 86' lang='lat' dir='ltr'>LXVIII.</span> <span class='ocrx_word' id='word_1_168' title='bbox 369 2556 466 2621; x_wconf 84' lang='grc' dir='ltr'><strong><em>Μετά</em></strong></span> <span class='ocrx_word' id='word_1_169' title='bbox 489 2563 610 2620; x_wconf 85' lang='grc' dir='ltr'><strong><em>τοῦτον</em></strong></span> <span class='ocrx_word' id='word_1_170' title='bbox 633 2554 811 2619; x_wconf 90' lang='grc' dir='ltr'><strong><em>ἀνίσταντο</em></strong></span> <span class='ocrx_word' id='word_1_171' title='bbox 834 2554 1036 2638; x_wconf 88' lang='grc' dir='ltr'><strong><em>καλούμενοι</em></strong></span> <span class='ocrx_word' id='word_1_172' title='bbox 1059 2551 1133 2620; x_wconf 93' lang='grc' dir='ltr'><strong><em>καθ’</em></strong></span> 
     </span>
     <span class='ocr_line' id='line_1_24' title="bbox 124 2653 1138 2745; baseline -0.001 -19"><span class='ocrx_word' id='word_1_173' title='bbox 124 2662 257 2744; x_wconf 79' lang='grc' dir='ltr'><strong><em>ἡλικίαν</em></strong></span> <span class='ocrx_word' id='word_1_174' title='bbox 280 2662 316 2726; x_wconf 87' lang='grc' dir='ltr'><strong><em>οί</em></strong></span> <span class='ocrx_word' id='word_1_175' title='bbox 335 2662 397 2745; x_wconf 82' lang='grc' dir='ltr'><strong><em>την</em></strong></span> <span class='ocrx_word' id='word_1_176' title='bbox 420 2662 584 2744; x_wconf 78' lang='grc' dir='ltr'><strong><em>ὑπατικὴν</em></strong></span> <span class='ocrx_word' id='word_1_177' title='bbox 608 2660 781 2745; x_wconf 89' lang='grc' dir='ltr'><strong><em>ἐσχηκότες</em></strong></span> <span class='ocrx_word' id='word_1_178' title='bbox 804 2659 920 2745; x_wconf 83' lang='grc' dir='ltr'><strong><em>ἀρχην,</em></strong></span> <span class='ocrx_word' id='word_1_179' title='bbox 944 2653 995 2738; x_wconf 84' lang='grc' dir='ltr'><strong><em>οἷς</em></strong></span> <span class='ocrx_word' id='word_1_180' title='bbox 1018 2662 1138 2727; x_wconf 83' lang='grc' dir='ltr'><strong><em>ἀπασιν</em></strong></span> 
     </span>
     <span class='ocr_line' id='line_1_25' title="bbox 125 2764 1137 2854; baseline -0.002 -22"><span class='ocrx_word' id='word_1_181' title='bbox 125 2768 233 2832; x_wconf 85' lang='grc' dir='ltr'><strong><em>ἐδόκει</em></strong></span> <span class='ocrx_word' id='word_1_182' title='bbox 258 2775 298 2853; x_wconf 73' lang='grc' dir='ltr'><strong><em>τῇ</em></strong></span> <span class='ocrx_word' id='word_1_183' title='bbox 322 2770 498 2852; x_wconf 90' lang='grc' dir='ltr'><strong><em>Μενηνίου</em></strong></span> <span class='ocrx_word' id='word_1_184' title='bbox 521 2774 669 2854; x_wconf 80' lang='grc' dir='ltr'><strong><em>χρῆσθαι</em></strong></span> <span class='ocrx_word' id='word_1_185' title='bbox 690 2766 824 2851; x_wconf 85' lang='grc' dir='ltr'><strong><em>γνώμη,</em></strong></span> <span class='ocrx_word' id='word_1_186' title='bbox 847 2764 928 2842; x_wconf 91' lang='grc' dir='ltr'><strong><em>τέως</em></strong></span> <span class='ocrx_word' id='word_1_187' title='bbox 950 2773 1099 2850; x_wconf 76' lang='grc' dir='ltr'><strong><em>καθῆκεν</em></strong></span> <span class='ocrx_word' id='word_1_188' title='bbox 1121 2764 1137 2830; x_wconf 87' lang='grc' dir='ltr'>ὁ</span> 
     </span>
    </p>

    <p class='ocr_par' dir='ltr' id='par_1_8' title="bbox 83 2867 1138 3278">
     <span class='ocr_line' id='line_1_26' title="bbox 83 2867 1138 2958; baseline 0.002 -22"><span class='ocrx_word' id='word_1_189' title='bbox 83 2894 112 2936; x_wconf 77' lang='grc' dir='ltr'><strong><em>τε</em></strong></span> <span class='ocrx_word' id='word_1_190' title='bbox 126 2875 226 2956; x_wconf 86' lang='grc' dir='ltr'><strong><em>λόγος</em></strong></span> <span class='ocrx_word' id='word_1_191' title='bbox 249 2875 296 2949; x_wconf 90' lang='grc' dir='ltr'><strong><em>είς</em></strong></span> <span class='ocrx_word' id='word_1_192' title='bbox 317 2875 377 2938; x_wconf 89' lang='grc' dir='ltr'><strong><em>τὸν</em></strong></span> <span class='ocrx_word' id='word_1_193' title='bbox 391 2873 544 2939; x_wconf 76' lang='grc' dir='ltr'><strong><em>’Ἀππιον</em></strong></span> <span class='ocrx_word' id='word_1_194' title='bbox 587 2874 605 2938; x_wconf 86' lang='grc' dir='ltr'><strong>ὁ</strong></span> <span class='ocrx_word' id='word_1_195' title='bbox 630 2869 660 2937; x_wconf 85' lang='grc' dir='ltr'><strong><em>δ’</em></strong></span> <span class='ocrx_word' id='word_1_196' title='bbox 683 2871 839 2955; x_wconf 88' lang='grc' dir='ltr'><strong><em>ἀναστάς,</em></strong></span> <span class='ocrx_word' id='word_1_197' title='bbox 857 2867 941 2957; x_wconf 88' lang='grc' dir='ltr'><strong><em>Ὁρῶ</em></strong></span> <span class='ocrx_word' id='word_1_198' title='bbox 965 2871 1039 2956; x_wconf 90' lang='grc' dir='ltr'><strong><em>μέν,</em></strong></span> <span class='ocrx_word' id='word_1_199' title='bbox 1063 2876 1138 2958; x_wconf 83' lang='grc' dir='ltr'><strong><em>ἔφη·</em></strong></span> 
     </span>
     <span class='ocr_line' id='line_1_27' title="bbox 126 2973 1137 3064; baseline -0.003 -19"><span class='ocrx_word' id='word_1_200' title='bbox 126 2996 195 3062; x_wconf 87' lang='grc' dir='ltr'><strong><em>σεν,</em></strong></span> <span class='ocrx_word' id='word_1_201' title='bbox 219 2979 272 3044; x_wconf 86' lang='grc' dir='ltr'><strong><em>δτι</em></strong></span> <span class='ocrx_word' id='word_1_202' title='bbox 294 2976 350 3044; x_wconf 81' lang='grc' dir='ltr'><strong><em>καὶ</em></strong></span> <span class='ocrx_word' id='word_1_203' title='bbox 372 2990 443 3057; x_wconf 83' lang='grc' dir='ltr'><strong><em>τοῖς</em></strong></span> <span class='ocrx_word' id='word_1_204' title='bbox 460 2980 598 3056; x_wconf 84' lang='grc' dir='ltr'><strong><em>ὑπάτοις</em></strong></span> <span class='ocrx_word' id='word_1_205' title='bbox 616 2976 685 3044; x_wconf 80' lang='grc' dir='ltr'><strong><em>ἐστὶ</em></strong></span> <span class='ocrx_word' id='word_1_206' title='bbox 704 2976 955 3064; x_wconf 86' lang='grc' dir='ltr'><strong><em>κεχαρισμένον,</em></strong></span> <span class='ocrx_word' id='word_1_207' title='bbox 979 2973 1005 3042; x_wconf 83' lang='grc' dir='ltr'>ὦ</span> <span class='ocrx_word' id='word_1_208' title='bbox 1025 2980 1137 3062; x_wconf 79' lang='grc' dir='ltr'><strong><em>βουλή,</em></strong></span> 
     </span>
     <span class='ocr_line' id='line_1_28' title="bbox 124 3082 1138 3171; baseline -0.003 -20"><span class='ocrx_word' id='word_1_209' title='bbox 124 3083 179 3151; x_wconf 80' lang='grc' dir='ltr'><strong><em>καὶ</em></strong></span> <span class='ocrx_word' id='word_1_210' title='bbox 207 3095 277 3162; x_wconf 76' lang='grc' dir='ltr'><strong><em>τοῖς</em></strong></span> <span class='ocrx_word' id='word_1_211' title='bbox 305 3086 419 3161; x_wconf 87' lang='grc' dir='ltr'><strong><em>ἀλλοις</em></strong></span> <span class='ocrx_word' id='word_1_212' title='bbox 446 3085 526 3171; x_wconf 79' lang='grc' dir='ltr'><strong><em>ὑμῖν</em></strong></span> <span class='ocrx_word' id='word_1_213' title='bbox 554 3085 669 3168; x_wconf 88' lang='grc' dir='ltr'><strong><em>ὀλίγον</em></strong></span> <span class='ocrx_word' id='word_1_214' title='bbox 698 3086 769 3150; x_wconf 80' lang='grc' dir='ltr'><strong><em>δεῖν</em></strong></span> <span class='ocrx_word' id='word_1_215' title='bbox 797 3092 880 3149; x_wconf 85' lang='grc' dir='ltr'><strong><em>πᾶσι</em></strong></span> <span class='ocrx_word' id='word_1_216' title='bbox 902 3082 1062 3167; x_wconf 81' lang='grc' dir='ltr'><strong><em>κατάγειν</em></strong></span> <span class='ocrx_word' id='word_1_217' title='bbox 1083 3084 1138 3148; x_wconf 88' lang='grc' dir='ltr'><strong><em>τὸν</em></strong></span> 
     </span>
     <span class='ocr_line' id='line_1_29' title="bbox 124 3182 1138 3278; baseline -0.002 -21"><span class='ocrx_word' id='word_1_218' title='bbox 124 3195 242 3278; x_wconf 79' lang='grc' dir='ltr'><strong><em>δῆμον,</em></strong></span> <span class='ocrx_word' id='word_1_219' title='bbox 267 3187 320 3276; x_wconf 87' lang='grc' dir='ltr'><strong><em>ἐφ’</em></strong></span> <span class='ocrx_word' id='word_1_220' title='bbox 346 3182 396 3267; x_wconf 83' lang='grc' dir='ltr'><strong><em>οἷς</em></strong></span> <span class='ocrx_word' id='word_1_221' title='bbox 419 3189 460 3255; x_wconf 87' lang='grc' dir='ltr'><strong><em>ἀν</em></strong></span> <span class='ocrx_word' id='word_1_222' title='bbox 484 3191 583 3268; x_wconf 84' lang='grc' dir='ltr'><strong><em>αὐτὸς</em></strong></span> <span class='ocrx_word' id='word_1_223' title='bbox 601 3190 702 3269; x_wconf 75' lang='grc' dir='ltr'><strong><em>ἀξιοῖ·</em></strong></span> <span class='ocrx_word' id='word_1_224' title='bbox 733 3187 786 3255; x_wconf 76' lang='grc' dir='ltr'><strong><em>καὶ</em></strong></span> <span class='ocrx_word' id='word_1_225' title='bbox 809 3193 912 3274; x_wconf 91' lang='grc' dir='ltr'><strong><em>μόνος</em></strong></span> <span class='ocrx_word' id='word_1_226' title='bbox 931 3189 964 3268; x_wconf 86' lang='grc' dir='ltr'><strong><em>ἐξ</em></strong></span> <span class='ocrx_word' id='word_1_227' title='bbox 985 3189 1138 3256; x_wconf 80' lang='grc' dir='ltr'><strong><em>ἁπάντων</em></strong></span> 
     </span>
    </p>
   </div>
   <div class='ocr_carea' id='block_1_4' title="bbox 121 3333 1139 3489">
    <p class='ocr_par' dir='ltr' id='par_1_9' title="bbox 121 3333 1139 3489">
     <span class='ocr_line' id='line_1_30' title="bbox 165 3333 1139 3419; baseline -0.005 -14"><span class='ocrx_word' id='word_1_228' title='bbox 165 3401 168 3406; x_wconf 89' lang='grc'><strong><em>.</em></strong></span> <span class='ocrx_word' id='word_1_229' title='bbox 197 3344 466 3419; x_wconf 77' lang='grc' dir='ltr'><strong><em>ὅπαρελθόντεςΟ</em></strong></span> <span class='ocrx_word' id='word_1_230' title='bbox 491 3346 567 3414; x_wconf 86' lang='lat' dir='ltr'>quod</span> <span class='ocrx_word' id='word_1_231' title='bbox 586 3347 641 3402; x_wconf 83' lang='lat' dir='ltr'><strong>def.</strong></span> <span class='ocrx_word' id='word_1_232' title='bbox 661 3346 763 3400; x_wconf 79' lang='lat' dir='ltr'>Garrer</span> <span class='ocrx_word' id='word_1_233' title='bbox 782 3345 847 3401; x_wconf 80' lang='lat' dir='ltr'>obs.</span> <span class='ocrx_word' id='word_1_234' title='bbox 866 3364 893 3415; x_wconf 88' lang='lat' dir='ltr'><strong><em>p.</em></strong></span> <span class='ocrx_word' id='word_1_235' title='bbox 914 3353 947 3401; x_wconf 80' lang='lat'><strong><em>23</em></strong></span> <span class='ocrx_word' id='word_1_236' title='bbox 984 3333 1139 3415; x_wconf 76' lang='grc' dir='ltr'><strong><em>προελθόν-</em></strong></span> 
     </span>
     <span class='ocr_line' id='line_1_31' title="bbox 121 3415 1035 3489; baseline -0.004 -14"><span class='ocrx_word' id='word_1_237' title='bbox 121 3439 169 3484; x_wconf 85' lang='grc' dir='ltr'><strong><em>τες</em></strong></span> <span class='ocrx_word' id='word_1_238' title='bbox 186 3436 208 3474; x_wconf 85' lang='grc' dir='ltr'><strong><em>ο.</em></strong></span> <span class='ocrx_word' id='word_1_239' title='bbox 228 3417 375 3488; x_wconf 81' lang='lat' dir='ltr'>Kiessling</span> <span class='ocrx_word' id='word_1_240' title='bbox 447 3423 463 3471; x_wconf 86' lang='grc'>9</span> <span class='ocrx_word' id='word_1_241' title='bbox 482 3415 692 3489; x_wconf 86' lang='grc' dir='ltr'><strong><em>παρεκέλευσαν</em></strong></span> <span class='ocrx_word' id='word_1_242' title='bbox 709 3416 733 3469; x_wconf 94' lang='grc' dir='ltr'><strong>Β</strong></span> <span class='ocrx_word' id='word_1_243' title='bbox 808 3422 839 3471; x_wconf 74' lang='lat'><strong><em>12</em></strong></span> <span class='ocrx_word' id='word_1_244' title='bbox 859 3417 908 3471; x_wconf 78' lang='grc' dir='ltr'><strong><em>καὶ</em></strong></span> <span class='ocrx_word' id='word_1_245' title='bbox 927 3417 991 3472; x_wconf 81' lang='lat' dir='ltr'><strong>add.</strong></span> <span class='ocrx_word' id='word_1_246' title='bbox 1011 3418 1035 3471; x_wconf 94' lang='lat' dir='ltr'><strong>B</strong></span> 
     </span>
    </p>
   </div>
   <div class='ocr_carea' id='block_1_5' title="bbox 0 0 1222 3840">
    <p class='ocr_par' dir='ltr' id='par_1_10' title="bbox 0 0 1222 3840">
     <span class='ocr_line' id='line_1_32' title="bbox 0 0 1222 3840; baseline 0 0"><span class='ocrx_word' id='word_1_247' title='bbox 0 0 1222 3840; x_wconf 95' lang='lat' dir='ltr'><strong><em> </em></strong></span> 
     </span>
    </p>
   </div>
  </div>
 </body>
</html>
