2414 3840
538 178 702 228 ..Ε-

62 335 289 425 ῧβοτίρων
311 335 367 404 καὶ
385 338 613 423 καταχωρίσας
631 338 678 413 είς
696 339 827 421 λόχους,
852 335 995 421 διένειμε
1013 339 1130 416 πεζούς

60 453 163 506 τε
182 442 234 511 καὶ
261 444 370 522 ίππεῑς
397 445 445 521 είς
466 440 622 526 τέτταρας
645 445 778 528 μοίρας·
811 437 859 508 ὧν
882 447 961 528 μίαν
985 441 1046 528 μὲν
1067 445 1130 527 τήν

61 554 294 636 κρατίστην
315 548 392 637 περὶ
415 549 519 615 αὑτὸν
537 544 636 633 εἶχεν,
660 548 696 614 ἐκ
715 546 752 615 δὲ
769 560 838 615 τῶν
856 548 1129 634 ὑπολειπομένων

62 650 276 724 Κλοίλιον
303 655 454 723 ἐκέλευσε
481 657 541 721 τὸν
567 657 760 720 συνύπατον
783 656 826 740 ῆν
850 657 949 733 αὐτὸς
972 656 1128 741 ἐβούλετο

65 759 240 847 λαβεῖν,
261 764 325 848 τήν
348 759 386 829 δὲ
402 765 519 846 τρίτην
535 764 688 846 Σπόριον
701 760 854 827 Κάσσιον
872 764 931 827 τὸν
951 763 1155 850 ίππάρχην,ε

65 869 179 952 τὴν
198 866 236 936 δὲ
258 865 542 954 καταλειπομένην
560 868 620 932 τὸν
634 867 783 950 ἀδελφὸν
798 870 950 953 Σπόριον
965 870 1127 952 Λάρκιον·

77 975 199 1060 αύτη
226 987 391 1063 φρουρεῖν
417 975 480 1059 τήν
501 977 601 1040 πόλιν
623 972 747 1058 ἐτάχθη
772 977 836 1039 σὺν
857 985 928 1051 τοῖς
950 974 1128 1061 πρεσβυτέ-

82 1098 189 1161 ροις
209 1082 303 1160 ἐντὸς
324 1085 454 1167 τείχους
476 1078 631 1166 μένουσα.

181 1188 326 1254 LXXVI.
354 1183 412 1265 Ὡς
434 1182 465 1252 δ’
486 1181 530 1270 ῆν
548 1186 637 1273 αὐτῷ
656 1186 764 1251 πάντα
781 1187 822 1250 τά
840 1187 887 1264 είς
904 1186 963 1251 τὸν
981 1189 1128 1272 πόλεμον

102 1289 288 1378 ἐπιτήδεια
314 1294 471 1378 εὐτρεπῆ,
498 1295 668 1379 προήγαγε
694 1293 752 1369 τάς
780 1293 938 1378 δυνάμεις
961 1295 1008 1371 είς
1023 1294 1127 1366 ,ύπαι-
1142 1316 1168 1356 10

89 1399 217 1484 θρον,
245 1398 302 1467 καὶ
324 1404 452 1466 τίθεται
476 1400 683 1482 στρατόπεδα
705 1403 780 1485 τρία
802 1398 881 1465 καθ’
905 1399 964 1477 οὓς
986 1402 1127 1485 μάλιστα

93 1500 324 1592 ὑπελάμβανε
359 1509 483 1582 τόπους
518 1507 720 1588 ποιήσεσθαι
756 1509 835 1582 τοὺς
867 1509 1035 1584 Λατίνους
1065 1509 1127 1592 τῆν

103 1608 249 1693 ἔφοδον.
294 1611 547 1698 ἐνθυμούμενος
577 1608 624 1695 δ’,
650 1612 701 1676 ὅτι
728 1614 906 1695 φρονίμων
933 1625 1127 1698 στρατηγῶν

105 1710 219 1802 ἐστιν,
248 1718 292 1785 ού
319 1720 425 1803 μόνον
451 1719 492 1782 τδι
515 1715 643 1782 ἑαυτῶν
665 1716 840 1802 πράγματα
863 1727 973 1782 ποιείν
997 1719 1126 1803 ίσχυρά,

111 1816 196 1889 ἀλλὰ
221 1820 278 1890 καὶ
303 1826 345 1889 τὰ
366 1834 435 1889 τῶν
456 1825 624 1908 πολεμίων
648 1823 791 1907 ἀσθενῆ,
823 1821 879 1888 καὶ
901 1823 1042 1907 μάλιστα
1065 1823 1126 1910 μὲν
1140 1846 1166 1887 15

118 1922 198 1994 ἄνευ
218 1930 324 2014 μάχης
345 1927 401 1994 καί
423 1932 531 1994 πύνου
553 1930 779 1994 καταλύεσθαι
801 1930 880 2006 τοὺς
897 1928 1074 2015 πολέμους,
1097 1934 1129 1996 εί

121 2025 161 2095 δὲ
178 2038 221 2120 μή
240 2059 281 2120 γε
304 2038 368 2101 σύν
391 2034 543 2121 ἐλαχίστη
562 2043 623 2099 τοῦ
642 2044 880 2121 στρατιωτικοῦ
897 2039 1050 2119 πλήθους
1069 2039 1126 2102 δα-

28 2137 215 2227 walam,
242 2140 398 2226 πολέμων
424 2136 463 2207 θ’
483 2141 640 2207 ἁπάντων
666 2146 842 2219 κακίστους
866 2143 1049 2227 ἡγούμενος
1070 2142 1126 2208 καὶ

10 2310 12 2317 .
119 2245 247 2313 πλείστα
276 2250 317 2313 τὰ
342 2249 476 2333 λυπηρά
504 2250 655 2333 ἔχοντας,
685 2248 743 2325 οὓς
770 2250 853 2334 πρὸς
876 2259 1049 2332 συγγενεῖς
1070 2248 1125 2315 καί

10 2320 15 2395 δ
121 2351 233 2432 Ψίλους
249 2354 514 2438 ἀναγκαζόμενοί
524 2377 612 2431 τινες
626 2354 853 2441 ἀναιροῦνται,
877 2355 1125 2442 ἐπιεικεστέρων
1139 2376 1166 2417 ιο

78 2538 82 2547 ι
116 2461 238 2527 μᾶλλον
270 2459 291 2544 ῆ
324 2458 541 2546 δικαιοτέρων
575 2459 657 2549 ρ’ίετο
688 2463 760 2526 δεῖν
788 2461 902 2538 αὐτοῖς
929 2463 1124 2528 διαλύσεων.

10 2546 12 2563 ⁵
112 2566 223 2651 κούφα
250 2589 287 2631 τε
315 2566 357 2650 δὴ
384 2564 523 2650 πέμπων
545 2567 629 2653 πρὸς
651 2568 730 2643 τοὺς
754 2566 1035 2650 ἐπιφανεστάτους
1057 2574 1160 2638 τῶν2

108 2663 267 2739 Λατίνων
303 2673 516 2748 ἀνυπόπτους
551 2674 645 2749 τινάς
676 2675 789 2738 ἔπειθε
822 2677 939 2756 φιλίαν
969 2676 1125 2761 πράττειν

105 2779 182 2855 ταῖς
202 2780 336 2862 πόλεσι,
359 2776 415 2844 καὶ
438 2778 474 2844 ἐκ
495 2787 557 2844 τοῦ
581 2788 732 2865 φανεροῦ
754 2782 1020 2866 πρεσβευόμενος
1041 2786 1124 2849 κατὰ

99 2879 220 2962 ἰόλεις
242 2908 279 2951 τε
300 2882 356 2950 καὶ
378 2886 462 2970 πρὸς
483 2886 521 2950 τὸ
544 2886 661 2950 κοινὸν
685 2885 727 2950 ού
745 2891 894 2969 χαλεπῶς
912 2886 1121 2974 ἐξειργάσατο
1136 2907 1162 2949 ιο

96 2987 222 3066 μηκέτι
248 2992 312 3074 τήν
338 2991 443 3076 αύτήν
467 2992 612 3068 ἅπαντας
636 2991 743 3078 ὁρμήν
766 2994 854 3076 ἔχειν
876 2996 960 3080 πρὸς
981 2997 1041 3061 τὸν
1063 2998 1122 3064 πό-

93 3076 221 3173 λθμον·
255 3098 396 3182 μάλιστα
419 3094 450 3162 δ’
473 3097 596 3173 αὐτούς
614 3097 853 3183 ἐξεθεράπευσε
871 3098 927 3165 καί
947 3102 1120 3185 διαστῆναι

90 3200 189 3281 πρὸς
215 3205 295 3281 τοὺς
317 3203 482 3288 ῆγεμύνας
508 3203 642 3288 ἐποίησε
666 3206 721 3269 διά
743 3206 899 3290 τοιαύτης
922 3207 1119 3292 εὐεργεσίας.

180 3367 212 3415 14
230 3360 267 3431 μὴ
286 3359 415 3431 μύνονΒ
489 3367 521 3417 1‘1
541 3359 668 3433 δαπάνη]
683 3360 810 3432 δρεπάνη
828 3361 854 3414 Α
928 3367 959 3415 18
978 3380 1008 3414 τε
1027 3356 1119 3413 ἁπάν-

86 3423 203 3486 ²va
278 3431 477 3488 medam?
551 3432 785 3487 ναιετάω
