2414 3840
520 185 683 233 -Δ-
1066 177 1107 243 31

90 344 186 430 διχῇ,
210 345 453 428 τετταράκοντα
476 340 537 427 μὲν
560 342 693 426 ἐποίησε
716 339 889 427 νεωτέρων
908 342 1037 423 λόχους,
1062 331 1112 417 οἷς

89 453 152 529 τὰς
179 449 385 536 ύπανδρίονς
413 448 561 516 ἀπέδωκε
589 451 775 532 στρατείας,
806 447 1046 533 τετταράκοντα
1075 443 1113 511 δὲ

90 554 342 643 πρεσβυτέρων,
363 555 423 633 οὓς
440 557 508 621 ἔδει
526 563 584 639 τῆς
602 559 758 639 νεότητος
776 556 823 632 είς
840 557 987 638 πόλεμον
1006 551 1112 632 ἐξιού-

90 681 156 749 σης
177 660 408 747 ὑπομένοντας
430 661 467 727 ἐν
489 671 529 746 τῇ
552 664 646 727 πόλει
668 663 708 727 τά
727 662 820 738 ἐντὸς
837 664 967 746 τείχους
986 661 1111 745 φύλατ-

42 787 174 836 118τειν.
212 769 294 852 αύτη
317 770 430 855 πρώτη
455 767 608 847 σύνταξις
630 765 687 853 ἦν·
719 769 831 854 χώραν
851 764 888 832 δέ
906 777 1055 852 κατεῖχεν
1074 744 1147 858 gv}

90 887 167 959 τοῖς
184 874 342 959 πολέμοις
359 876 421 959 την
439 874 753 961 προαγωνιζομένην
767 884 824 958 της
838 874 1009 959 φάλαγγος
1023 874 1111 956 ὅλης.

92 979 197 1048 ἔπειτ’
225 981 261 1047 ἐκ
287 992 355 1046 τῶν
382 981 656 1067 ὑπολειπομένων
684 980 801 1065 ἑτέραν
828 978 950 1066 ἀφῄρει
978 991 1110 1064 μοῖραν,

93 1081 148 1166 οἷς
169 1084 214 1172 ἦν
237 1087 330 1164 ἐντὸς
352 1085 414 1172 μὲν
436 1091 566 1175 μυρίων
590 1090 757 1175 δραχμῶν,
781 1088 822 1154 ού
846 1097 940 1172 μεῖον
961 1083 998 1151 δὲ
1015 1084 1111 1150 πέντε

91 1193 154 1262 καὶ
181 1193 410 1279 ἑβδομήκοντα
438 1206 531 1280 μνῶν
559 1197 596 1260 τὸ
619 1197 752 1281 τίμημα.
790 1193 952 1272 συντάξας
976 1189 1013 1257 δέ
1035 1193 1111 1258 τού-

91 1325 177 1379 τους
200 1303 247 1378 είς
266 1307 371 1366 είκοσι
389 1304 509 1387 λόχους
526 1303 567 1366 τά
585 1298 646 1386 μὲν
665 1302 749 1366 άλλα
767 1312 887 1387 φορεῖν
906 1300 991 1366 ὅπλα
1009 1315 1110 1385 προσ·
1126 1331 1152 1368 ιο

95 1405 229 1491 ἐταξευ,
254 1407 316 1472 ὅσα
338 1410 418 1484 τοὺς
439 1406 635 1494 προτέρους,
659 1411 738 1484 τοὺς
761 1404 798 1473 δέ
821 1408 978 1492 θώρακας
1000 1406 1111 1472 αὐτῶν

94 1514 225 1598 ἀφεῖλε,
240 1510 296 1577 καὶ
310 1510 385 1577 ἀντὶ
398 1523 465 1578 τῶν
480 1513 631 1579 ἀσπίδων
645 1512 791 1579 ἀνέδωκε
805 1515 960 1599 θυρεούς.
992 1514 1112 1578 διελὼν

98 1617 139 1686 δέ
161 1617 218 1685 καὶ
240 1619 370 1684 τούτων
392 1621 471 1695 τοὺς
493 1615 576 1705 ὑπὲρ
598 1621 839 1705 τετταράκοντα
861 1617 917 1685 καὶ
939 1618 1036 1684 πέντε
1055 1622 1110 1701 ἐτη

94 1728 277 1812 γεγονότας
300 1724 364 1789 άπὸ
382 1735 449 1791 τῶν
468 1723 691 1810 ἐχόντωντὴν
711 1726 951 1811 στρατεύσιμον
969 1723 1111 1807 ἡλικίαν,

95 1832 178 1899 δέκα
205 1828 268 1917 μὲν
296 1831 429 1914 ἐποίησε
456 1835 576 1916 λόχους
597 1830 785 1918 νεωτέρων,
814 1832 875 1908 οὓς
897 1832 965 1896 ἔδει
987 1851 1108 1916 προπο-
1126 1859 1152 1899 15

95 1946 211 2024 λεμεῖν
233 1946 291 2022 τῆς
313 1939 450 2021 πόλεως,
474 1937 553 2004 δέκα
573 1935 609 2004 δὲ
626 1937 872 2025 πρεσβυτέρων,
896 1930 946 2016 οἷς
964 1936 1111 2004 άπέδωκε

95 2049 361 2131 τειχοφυλακεῖν.
399 2044 481 2129 αύτη
497 2043 635 2131 δευτέρα
650 2044 803 2125 σύνταξις
816 2041 869 2129 ἦν,
894 2044 1062 2130 ἐκοσμεῖτο
1078 2039 1109 2109 δ’

97 2152 137 2218 έν
164 2161 236 2228 τοῖς
262 2140 367 2233 άγῶσι
395 2152 475 2235 μετὰ
502 2153 580 2228 τοὺς
607 2152 805 2238 προμάχους.
842 2154 903 2236 τὴν
932 2149 969 2216 δέ
996 2155 1148 2236 τρίτην4

96 2258 203 2324 ἐποίει
230 2254 388 2333 σύνταξιν
416 2256 452 2322 ἐκ
474 2267 543 2321 τῶν
565 2256 853 2342 ὑπολειπομένων,
881 2257 954 2321 ὅσοι
977 2259 1112 2341 τίμησιν

97 2360 191 2450 εἶχον
224 2361 383 2427 ἐλάττονα
411 2359 473 2446 μὲν
499 2373 567 2427 τῶν
594 2362 846 2448 ἑπτακισχιλίων
872 2360 928 2427 καὶ
954 2384 1112 2428 πεντακο-
1127 2395 1154 2434 20

97 2473 181 2536 σίων
206 2470 375 2554 δραχμῶν,
399 2467 441 2534 ού
464 2470 581 2552 μείονα
605 2465 642 2535 δὲ
665 2479 759 2553 μυῶν
782 2471 995 2552 πεντήκοντα,
1036 2471 1112 2535 τού-

94 2598 164 2641 των
189 2572 220 2639 δ’
243 2574 380 2658 ἐμείωσε
402 2576 462 2639 τὸν
486 2575 648 2660 ὁπλισμὸν
672 2577 713 2641 οὐ
736 2579 844 2662 μόνον
861 2587 931 2654 τοῖς
949 2576 1111 2664 θώραξιν,

96 2683 208 2769 ὥσπερ
227 2691 296 2746 τῶν
316 2679 492 2766 δευτέρων,
516 2681 598 2746 άλλά
616 2679 671 2747 καὶ
689 2694 761 2760 ταῖς
778 2695 997 2770 περικνημῖσι.
1033 2703 1111 2750 συν·
1126 2697 1147 2763 5

48 2788 190 2869 σῖεέταξε
214 2785 252 2853 δὲ
274 2785 330 2853 καλ
352 2788 493 2865 τούτους
515 2790 562 2865 είς
584 2793 688 2853 είκοσι
711 2793 832 2874 λόχους
854 2789 909 2855 καὶ
933 2793 1034 2857 διεῖλε
1051 2795 1111 2858 τὸν

98 2896 203 2962 αύτὸν
220 2897 347 2981 τρόπον
365 2907 436 2972 τοῖς
453 2893 627 2983 προτέροις
644 2892 723 2960 καθ’
740 2896 878 2981 ἡλικίας,
899 2897 978 2964 δέκα
992 2900 1112 2984 λόχους
1125 2925 1155 2967 τε

97 3003 248 3080 ἀποδοὺς
276 3013 346 3079 τοῖς
374 3000 549 3088 νεωτέροις
577 3000 633 3067 καὶ
663 3000 741 3068 δέκα
770 3013 840 3080 τοῖς
866 3004 1111 3092 πρεσβυτέροις.

171 3157 301 3223 1οίς-
320 3157 514 3231 πρεσβυτέρων
532 3160 631 3214 omA
694 3155 808 3222 λέντὸς
825 3168 875 3214 τοῦ
893 3162 1001 3231 τείχους
1019 3161 1044 3213 Α
1094 3166 1110 3213 ὅ

96 3230 279 3370 11111111·
299 3229 352 3355 11
372 3236 426 3355 ιῖ
440 3225 959 3373 311.ῖιι1.αιῖῖ.ξ..ι.1αῖΟ
990 3231 1111 3350 ατε

97 3377 171 3429 δοκε
190 3390 215 3429 ο.
233 3371 373 3426 Bfioheler
444 3379 476 3427 15
496 3371 587 3435 ούςΑ
660 3380 692 3428 17
712 3370 922 3444 σύνταξ<ι>ςΒ
992 3372 1024 3419 19
1043 3367 1112 3419 ὑπο-

97 3444 258 3515 λιπομένων
275 3443 322 3496 Ba
394 3449 427 3498 25
444 3443 554 3512 ἡλικίας
570 3443 623 3496 ΑΒ
