2414 3840
498 177 659 229 -5-
1019 175 1083 240 401

74 347 173 402 τοῦτο
202 338 347 402 κατιδὼν
377 336 395 402 ὁ
419 337 587 420 Μάρκιος,
619 335 702 424 ὑπὲρ
731 333 772 402 οὗ
799 340 962 423 πρότερον
990 339 1087 420 ἔφην,

74 445 205 509 ἵσταται
229 447 292 509 σὺν
315 443 441 525 ὀλίγοις
462 441 518 508 καὶ
543 442 670 528 δέχεται
692 445 730 509 τὸ
754 443 997 528 ἐπιφερόμενον
1020 454 1088 508 τῶν

73 553 243 634 πολεμίων
271 561 401 635 στῖφος·
438 551 633 634 καταβαλὼν
662 547 697 615 δέ
721 553 866 635 συχνοὺς
889 549 1014 633 αὐτῶν,
1044 550 1088 627 ὡς

74 655 248 722 ἐνέκλιναν
271 657 307 721 οἱ
327 654 436 722 λοιποὶ
459 655 514 722 καὶ
535 659 618 741 πρὸς
635 658 697 742 τὴν
715 659 814 723 πόλιν
833 659 988 742 ἔφευγον,
1012 657 1087 740 ἠκο-

74 765 193 829 λούθει
221 766 361 829 κτείνων
388 761 439 828 ἀεὶ
462 766 541 840 τοὺς
564 763 601 828 ἐν
623 762 716 850 χερσὶ
739 762 794 829 καὶ
818 764 1113 847 ἐπικελευόμενοςσ

17 882 145 946 εσύτοίς
168 871 332 954 φεύγουσι
354 881 421 936 τῶν
445 869 617 955 σφετέρων
636 870 857 957 ἀναστρέφειν
875 893 911 935 τε
928 867 982 934 καὶ
1001 876 1086 951 θαρ-

73 988 147 1063 ρεῖν
166 975 220 1042 καὶ
239 978 328 1064 αύτῷ
348 977 496 1042 ἕπεσθαι.
534 978 569 1042 οί
585 975 617 1041 δ’
639 976 851 1054 αἰδεσθέντες
869 975 923 1043 ἐπὶ
936 984 982 1065 τῷ
999 979 1085 1064 ἔργω
1101 976 1121 1040 5

73 1083 281 1170 ἀνέστρεφον
300 1079 400 1160 αὖθις
417 1082 472 1149 καὶ
490 1094 560 1160 τοῖς
575 1079 654 1149 καθ’
671 1082 809 1161 ἑαυτοὺς
828 1082 993 1149 ἐπέκειντο
1012 1085 1087 1149 παί-

73 1214 168 1266 οντες
182 1189 237 1255 καὶ
252 1190 438 1275 διώκοντες,
452 1189 507 1256 καὶ
524 1185 569 1255 δι’
582 1191 698 1274 ὀλίγον
712 1194 836 1278 χρόνον
848 1193 927 1267 τοὺς
939 1195 1086 1274 συμπλα-

71 1295 190 1374 κέντας
205 1297 336 1364 ἕκαστοι
349 1298 549 1384 τρεψάμενοι
563 1298 777 1384 προσέκειντο
791 1309 860 1376 τοῖς
873 1299 1008 1382 τείχεσι·
1031 1296 1087 1362 καὶ
1101 1314 1128 1354 1⁰

72 1405 93 1469 ὁ
122 1405 275 1487 Μάρκιος
305 1406 518 1491 θρασύτερον
548 1406 613 1488 ἤδη
646 1408 855 1472 κινδυνεύων
887 1403 1086 1489 προσωτέρω

72 1515 201 1595 μᾶλλον
225 1511 339 1596 ἐχώρει
362 1508 416 1575 καὶ
439 1512 522 1593 πρὸς
545 1510 660 1587 αὐταῖς
678 1513 857 1596 γενόμενος
876 1522 947 1587 ταῖς
964 1512 1085 1589 πύλαις

72 1616 304 1682 συνεισέπιπτε
336 1627 406 1693 τοῖς
438 1618 623 1700 φεύγουσιν
655 1620 703 1694 είς
728 1619 766 1682 τὸ
795 1629 909 1702 τεῖχος.
956 1633 1086 1683 συνεισ-

72 1727 247 1789 πεσόντων
280 1721 313 1788 δ’
349 1723 436 1810 αὐτῷ
469 1721 526 1788 καὶ
557 1725 668 1789 ἀλλων
701 1735 835 1809 συχνῶν
867 1725 949 1789 κατά
981 1725 1086 1789 πολλά

72 1828 157 1917 μέρη
181 1840 237 1914 τῆς
260 1834 385 1907 πόλεως
409 1832 514 1915 φόνος
537 1829 663 1913 ἐγίνετο
683 1831 715 1909 ἐξ
735 1830 862 1916 ἀμφοῖν
879 1832 995 1907 πολύς·
1018 1841 1086 1897 τῶν
1101 1848 1127 1888 15

73 1934 136 2022 μὲν
159 1937 224 2002 ἀνά
245 1941 324 2015 τοὺς
347 1937 550 2020 στενωπούς,
573 1947 641 2003 τῶν
665 1935 702 2004 δὲ
724 1935 800 2025 περὶ
821 1948 893 2016 ταῖς
916 1937 1087 2022 ἁλισκομέ-

73 2069 149 2120 ναις
173 2046 292 2122 οἰκίαις
314 2042 519 2130 μαχομένων.
566 2046 820 2130 συνελάμβανον
843 2042 880 2110 δδ
902 2054 963 2111 τοῦ
986 2047 1121 2129 ἐργον6

72 2161 145 2226 τοίς
177 2153 278 2216 ἔνδον
311 2149 365 2216 καὶ
396 2161 552 2235 γυναῖκες
582 2151 645 2217 ἀπὸ
671 2163 740 2218 τῶν
771 2163 876 2237 τεγῶν
905 2153 1087 2235 βάλλουσαι

72 2259 154 2332 τοὺς
171 2261 350 2342 πολεμίους
367 2269 436 2335 τοῖς
454 2263 669 2343 καλυπτῆρσι,
692 2257 748 2323 καὶ
766 2254 846 2325 καθ’
864 2260 947 2325 ὅσον
960 2257 1085 2347 ἑκάστω

73 2387 125 2439 τις
148 2365 242 2447 ίσχὺς
264 2362 317 2429 καὶ
342 2366 483 2449 δύναμις
506 2360 549 2448 ἦν
572 2367 756 2451 προθύμως
779 2366 950 2450 ἐβοήθουν
968 2374 1008 2451 τῇ
1025 2388 1086 2431 πα·
1100 2383 1126 2423 2⁰

18 2472 173 2554 εσθτρίδι.
214 2470 256 2535 ού
287 2468 401 2554 μέντοι
433 2468 486 2536 ἐπὶ
512 2473 621 2537 πολύν
649 2496 687 2556 γε
714 2476 838 2559 χρόνον
865 2483 935 2549 τοῖς
962 2473 1086 2550 δεινοῖς

74 2576 238 2660 ἀντεῖχον,
257 2572 328 2641 ἀλλ’
345 2576 609 2662 ἠναγκάσθησαν
626 2580 849 2665 παραδιδόναι
863 2586 950 2661 σφᾶς
963 2578 1087 2655 αὐτοὺς

72 2694 144 2758 τοῖς
166 2684 390 2768 κεκρατηκόσι.
431 2692 551 2749 τοῦτον
575 2680 612 2749 δὲ
634 2686 694 2749 τὸν
715 2686 840 2773 τρόπον
863 2684 1008 2768 ἀλούσης
1029 2694 1087 2769 τῆς

74 2792 202 2866 πόλεως
225 2790 260 2855 οἱ
280 2785 341 2874 μέν
359 2791 454 2855 ἄλλοι
468 2786 622 2875 Ῥωμαῖοι
639 2793 722 2877 πρὸς
741 2791 893 2878 ἁρπαγὴν
910 2803 978 2857 τῶν
992 2792 1086 2876 ἐγκα-

74 2893 317 2979 ταληφθέντων
346 2894 526 2982 ἐτράποντο
555 2893 610 2962 καὶ
637 2896 732 2983 μέχρι
761 2903 887 2964 πολλοῦ
916 2899 1085 2965 διετέλουν
1099 2917 1125 2957 2⁵

148 3159 320 3231 ὅφεύγουσι
337 3159 434 3214 τῶνΒ
471 3159 624 3229 φεύγουσιν
642 3160 688 3215 ἀεὶ
705 3168 761 3215 τῶν
779 3161 805 3214 R
894 3160 993 3222 9τοδις
1012 3157 1083 3214 καθ’

76 3225 237 3294 ἕαυτούςΑ
311 3239 342 3285 13
362 3230 591 3292 συνειςπίττειΒ
670 3239 702 3286 15
722 3227 869 3302 ἐγίνετοΒ
906 3226 1015 3300 ἐγένετο
1034 3231 1083 3303 Βιλ

75 3303 196 3372 ἀμφοῖν]
217 3299 383 3372 ἀμφοτέρων
401 3318 423 3355 0.
444 3303 546 3356 (δαεῖεν
564 3301 629 3356 obs.
670 3347 675 3357 .
695 3309 729 3357 48
786 3308 817 3355 18
837 3301 886 3356 καλ
905 3300 938 3356 αλ
953 3307 1085 3372 γυναῖκες

75 3375 231 3443 ΒΙτεγῶν
253 3373 305 3427 ΑΒ
343 3381 445 3444 στεγῶν
468 3373 493 3425 R
584 3380 615 3427 19
644 3372 771 3435 εκάοτοις
796 3371 872 3442 ἰσχύς
896 3388 919 3425 υ.
947 3371 1086 3426 Βϋοοολει·

76 3451 110 3499 21
130 3463 160 3514 γε
180 3445 244 3498 add.
264 3444 286 3496 B
358 3451 393 3499 24
413 3439 693 3514 ἐγκαταλειφθέντων
713 3444 735 3498 0
755 3460 823 3497 corr.
844 3442 965 3514 Sylburg

129 3544 353 3584 D1oms.111n.1L
374 3554 412 3583 ευ.
426 3543 528 3585 θευοετ.
897 3537 939 3582 ‘m
