2400 3848
97 178 163 252 190
522 179 688 228 -R-

97 365 196 427 μενος
223 339 328 426 ἀρχὴν
354 337 410 404 καὶ
438 347 558 425 μικροῦ
583 339 703 423 δεήσας
725 338 786 421 τὴν
809 339 909 403 πόλιν
931 335 1028 420 ἑλεῖν,
1058 347 1077 394 2

97 447 228 529 θούσης
255 456 325 523 τοῖς
349 440 533 532 Ἀρικηνοῖς
563 444 755 531 ἐπικουρίας
782 446 819 510 ἔκ
845 440 876 508 τ’
900 437 1027 509 Ἀντίου
1050 461 1077 506 ⁹¹

103 555 256 619 Τύσκλου
282 549 418 636 καὶτῆς
440 551 658 636 Καμπανίδος
681 551 814 634 Κύμης,
844 548 1077 635 παραταξάμιν

100 659 250 725 ἐλάττονι
274 658 414 742 δυνάμει
436 659 519 745 πρὸς
541 662 676 742 μείζονα
697 659 777 733 τούς
799 652 861 741 μέν
884 658 1006 734 ἀλλους
1023 656 1077 740 έτρ

75 776 183 845 ιψατο
207 762 263 830 καὶ
285 762 382 851 μέχρι
403 773 461 848 τῆς
483 766 611 840 πόλεως
633 766 767 848 ἤλασεν,
790 762 856 828 ὐπὸ
880 759 917 827 δὲ
938 765 1077 847 Κυμαίω

98 871 158 950 οὓς
179 867 261 957 ἦγεν
279 869 517 959 Ἀριστόδημος
539 870 557 937 ὁ
581 871 743 946 Μαλακὸς
766 869 1077 954 έπικαλούμενος,τ

97 976 215 1063 κηθεὶς
237 978 454 1062 ἀποθνήσκει,
477 974 532 1043 καὶ
550 977 571 1060 η
591 977 727 1062 στρατιά
745 986 812 1040 τῶν
830 979 1016 1062 Τυρρηνῶν
1032 999 1077 1062 με

63 1089 83 1154 3
98 1087 161 1170 τὴν
184 1084 314 1152 ἐκείνου
332 1085 488 1168 τελευτὴν
508 1083 618 1150 οὐκέτι
635 1083 844 1167 ὑπομείνασα
860 1080 1014 1169 τρέπεται
1030 1105 1075 1168 πρ

99 1193 220 1277 φυγήν.
265 1189 385 1256 πολλοὶ
416 1186 478 1275 μὲν
511 1191 551 1274 δὴ
585 1189 695 1255 αὐτῶν
728 1190 928 1273 διωκόμενοι
954 1189 1019 1254 ὐπὸ
1044 1196 1077 1253 τό

64 1321 89 1360 10
98 1299 262 1382 Κυμαίων
281 1296 527 1382 διεφθάρησαν,
551 1297 646 1361 ἀλλοι
665 1291 702 1359 δὲ
720 1297 855 1372 πλείους
874 1293 1077 1362 σκεδασθέντ

100 1403 164 1468 ἀνά
181 1402 243 1485 τὴν
261 1403 373 1488 χώραν
393 1403 440 1478 είς
458 1403 537 1479 τοὺς
555 1401 679 1488 ἀγροὺς
696 1412 763 1467 τῶν
779 1397 950 1486 Ῥωμαίων
969 1403 1010 1467 οὐ
1027 1415 1077 1467 ποι

100 1508 281 1594 ἀπέχοντας
307 1503 498 1594 κατέφυγον
525 1508 610 1574 ὅπλα
636 1502 669 1573 τ’
699 1508 943 1585 ἀπολωλεκότες
969 1506 1077 1574 καίύι

98 1616 298 1704 τραυμάτων
329 1614 490 1681 ἀδύνατοι
522 1616 616 1696 όντες
644 1613 711 1696 [ἐπὶ
740 1617 794 1697 τά]
822 1613 1023 1700 προσωτέρω
1051 1640 1077 1700 χι

101 1734 181 1810 ρεῖν.
229 1722 288 1800 οὓς
315 1721 351 1788 ἐκ
377 1733 445 1789 τῶν
473 1721 586 1809 ἀγρῶν
615 1722 651 1787 οί
665 1716 821 1806 Ῥωμαῖοι
843 1725 1077 1806 κατακομίζονι

66 1852 91 1892 15
101 1833 149 1908 είς
173 1830 235 1913 τὴν
257 1831 357 1894 πόλιν
375 1827 513 1914 άμάξαις
535 1826 648 1893 τεκαὶ
671 1826 811 1912 ἀπήναις
833 1824 889 1892 καὶ
911 1837 982 1905 τοῖς
1005 1829 1077 1894 ἀλλο

101 1936 293 2020 ὑποζυγίοις
316 1935 511 2026 ,ἡμιθνῆτας
543 1934 669 2017 ένίους,
701 1932 756 1999 καὶ
789 1930 951 2020 φέροντες
982 1937 1031 2012 εἰς
1059 1957 1077 2000 τ

102 2042 229 2110 ἑαυτῶν
253 2045 359 2119 οίκίας
381 2051 522 2127 τροφαῖς
544 2065 579 2106 τε
601 2038 657 2106 καὶ
678 2043 875 2127 θεραπείαις
897 2039 953 2106 καὶ
972 2042 1077 2120 ταῖςά

101 2156 174 2228 λαις
202 2152 473 2234 φιλανθρωπίαις
499 2150 586 2213 πολὺ
608 2148 646 2213 τὸ
670 2123 844 2233 συμπαθὲς
867 2148 1022 2233 ἐχούσαις
1044 2148 1077 2213 άι

102 2258 286 2342 λάμβανον·
324 2257 407 2322 ὥστε
434 2256 580 2331 πολλοὺς
607 2255 718 2319 αὐτῶν
745 2264 817 2331 ταῖς
844 2254 957 2340 χάρισι
983 2255 1077 2320 ταύτο

66 2361 92 2425 ω
102 2360 313 2448 ὑπαχθέντας
340 2359 455 2447 μηκέτι
483 2371 541 2445 τῆς
568 2363 681 2427 οἶκαδε
709 2359 852 2445 ἀφίξεως
878 2364 992 2427 πόθον
1020 2363 1077 2446 ἔχει

65 2473 88 2535 4
102 2468 186 2534 ἀλλά
203 2470 292 2556 παρά
309 2478 380 2546 τοῖς
398 2466 584 2555 εὐεργέταις
598 2477 695 2552 σφῶν
709 2467 894 2551 βούλεσθαι
907 2466 1077 2553 καταμένει

103 2566 153 2652 οἷς
162 2574 316 2658 έδωκενὴ
328 2576 433 2658 βουλὴ
443 2585 554 2660 χῶρον
563 2583 621 2658 τῆς
631 2577 766 2655 πόλεως,
777 2576 863 2639 ἔνθα
873 2575 1018 2659 οίκησεις
1027 2576 1077 2658 ἔμε

103 2684 164 2744 λον
187 2681 510 2765 κατασκευάσασθαι,
533 2682 593 2746 τὸν
611 2680 732 2765 μεταξὺ
751 2687 812 2744 τοῦ
824 2703 860 2744 τε
874 2684 1077 2746 Παλατίουκ

102 2793 163 2850 τοῦ
191 2788 404 2852 Καπιτωλίου
434 2787 585 2873 τέτταρσι
612 2789 754 2872 μάλιστα
780 2789 1015 2872 μηκυνόμενον
1042 2802 1077 2851 στ

67 2883 188 2968 ιιδίοις
216 2892 366 2975 αὐλῶνα,
395 2891 431 2969 ὃς
458 2890 513 2958 καί
536 2892 649 2980 μέχρις
676 2893 758 2978 ἐμοῦ
783 2895 969 2980 Τυρρηνῶν
993 2899 1077 2976 οίκητ

176 3090 208 3138 11
228 3083 286 3138 ἀνδι
303 3083 355 3152 τὴν
374 3084 467 3155 χώραν
487 3086 593 3143 αδδ.Β
648 3092 681 3141 13
700 3082 768 3141 *dal
786 3085 822 3141 τδι
833 3084 1038 3158 προςωτέρωΟ
1074 3104 1077 3136 ι

104 3154 223 3210 articulo
241 3153 277 3208 τά
296 3155 389 3209 deleto
409 3173 431 3209 ο.
446 3155 591 3230 Kiessling
628 3155 675 3212 ἐπὶ
692 3157 728 3212 τά
746 3158 825 3212 uncis
844 3157 948 3212 seclusi
1003 3164 1035 3211 16
1052 3153 1077 3224 ης

103 3232 213 3298 θνῆτας
236 3224 320 3289 ὄντας
342 3243 364 3282 ο.
384 3225 529 3298 Kiessling
565 3231 725 3300 ἡμνθνῆτας
748 3227 776 3283 δ’
798 3225 891 3292 ένίους
915 3228 964 3283 καλ
983 3227 1077 3299 φέρονι

105 3316 127 3355 ο.
147 3298 285 3354 Biicheler
349 3304 381 3352 17
401 3297 452 3367 τὴν
472 3296 566 3356 οίιιίαν
585 3301 608 3355 0
628 3317 696 3353 corr.
715 3300 823 3355 Portus'
876 3307 911 3355 20
929 3298 1023 3356 πόθεν
1041 3297 1077 3351 Α]

104 3369 200 3428 πόθον
219 3386 253 3425 ex
272 3369 421 3442 δίίίσποτον
439 3368 487 3423 Bb
569 3378 603 3427 22
622 3371 736 3441 *χώραν
755 3371 778 3425 0
815 3378 918 3443 μοῖραν
938 3389 960 3426 ο.
979 3367 1077 3425 Bfiche]

61 3448 64 3453 ’
105 3449 139 3498 23
159 3439 423 3498 κατασκευάσεσθαι
442 3457 465 3497 ο.
485 3443 587 3498 Garrer
605 3443 670 3499 obs.
689 3461 716 3512 p.
736 3449 770 3498 26
861 3450 895 3497 25
915 3445 1027 3498 αὐλῶνα
1045 3439 1073 3502 ός
