2414 3840
484 182 647 231 -Δ-
1032 178 1075 242 29

53 344 107 420 τὰς
128 344 277 427 κτήσεις,
301 342 339 408 έν
362 334 416 419 αἷς
439 341 457 408 ὁ
480 342 554 425 βίος
573 339 685 405 αὐτῶν
702 336 758 424 ήν·
791 337 847 405 καὶ
867 338 965 405 ὁπότε
983 343 1076 423 χρεία
1170 327 1178 343 ’

51 450 185 534 γένοιτο
211 446 266 514 έπλ
288 450 329 514 τὰ
352 449 438 514 ὅπλα
460 450 539 524 τοὺς
561 449 702 532 χωρίτας
724 453 838 512 καλεῖν
860 447 881 532 ή
900 445 1077 532 χρημάτων

53 557 218 642 εἰσφορὰς
249 551 321 620 κατ’
354 554 461 639 όίνδρα
494 551 655 637 ἐκλέγειν,
688 547 782 617 οὗτοι
811 554 852 618 τοί
879 575 913 618 τε
941 553 1076 638 σώματα

53 672 210 747 συνῆγον
232 659 289 726 καί
312 661 353 724 τὰ
370 662 519 745 χρήματα
538 657 759 745 εἰσέπραττον.
797 659 852 724 ἵνα
872 655 909 724 δέ
927 657 982 725 καὶ
1000 662 1076 725 τού-

10 780 129 836 ωότων
156 770 178 852 ή
204 769 338 852 πληθύς
360 768 404 851 μὴ
428 766 640 851 δυσεύρετος,
669 759 741 830 ἀλλ’
763 766 954 849 εὐλόγιστος
976 757 998 852 ᾗ
1020 764 1102 832 καλε

55 877 206 962 φανεροί,
239 875 374 957 βωμοὺς
406 870 577 938 ἐκέλευσεν
609 871 723 948 αὐτοῖς
753 872 956 957 ἱδρύσασθαι
983 879 1076 938 θεῶν

55 983 250 1050 ἐπισκόπων
271 1003 306 1045 τε
328 978 385 1045 καὶ
407 967 569 1064 φυλοίκων
591 988 652 1044 τοῦ
674 979 795 1062 ποίγου,
819 978 878 1056 οὓς
901 979 991 1058 ἔταξε
1013 984 1075 1043 θυ·

55 1094 147 1167 σίαις
179 1097 308 1163 κοιναῖς
339 1087 507 1171 γεραίρειν
534 1080 612 1149 καθ’
656 1083 796 1150 ἕκαστον
828 1084 983 1150 ένιαυτὸν
1010 1086 1076 1168 όίμα

56 1191 343 1282 συνερχομένους,
371 1190 490 1278 ἑορτήν
513 1215 588 1256 τινα
611 1189 666 1256 καὶ
689 1193 813 1274 ταύτην
837 1191 873 1256 έν
896 1202 965 1268 τοῖς
987 1191 1075 1256 ποίνυ

54 1305 174 1388 τιμίαν
196 1299 495 1383 καταστησάμενος,
518 1300 559 1362 τδι
581 1299 771 1382 καλούμενα
790 1299 998 1381 Παγανάλια·
1020 1296 1075 1363 καὶ
1091 1317 1116 1356 10

56 1413 187 1494 νόμους
209 1403 292 1492 ύπδρ
316 1417 384 1471 τῶν
408 1405 507 1491 ἱερῶν
529 1406 669 1488 τούτων,
693 1403 753 1481 οὓς
776 1407 824 1470 ἔτι
848 1406 903 1470 διὰ
927 1411 1077 1489 φυλακῆς

56 1517 176 1600 ἔχουσι
194 1510 359 1598 Ῥωμαῖοι,
382 1509 601 1597 συνέγραψεν.
641 1513 688 1588 είς
711 1507 748 1577 δέ
770 1512 832 1595 τήν
850 1515 977 1577 θυσίαν
999 1511 1112 1576 ταύ-4

57 1645 123 1705 την
142 1617 199 1686 καὶ
216 1621 278 1702 την
296 1619 444 1683 σύνοδον
464 1618 609 1694 ἅπαντας
628 1615 779 1682 ἐκέλευσε
793 1621 872 1695 τοὺς
886 1619 1077 1702 ὁμοπάγους

57 1727 144 1793 κατὰ
179 1726 329 1810 κεφαλήν
366 1722 552 1810 ὡρισμένον
589 1725 736 1808 νόμισμά
767 1746 799 1788 τι
832 1721 1075 1809 συνεισφέρειν,

60 1833 178 1917 ἕτερον
202 1828 263 1916 μέν
285 1854 318 1894 τι
335 1832 414 1906 τοὺς
432 1831 567 1915 ἄνδρας,
592 1828 706 1914 ἕτερον
726 1826 766 1894 δέ
781 1852 812 1893 τι
830 1831 888 1906 τὰς
905 1839 1075 1912 γυναῖκας,
1092 1847 1117 1886 15

60 1941 143 2004 ίίλλο
177 1934 217 2001 δέ
246 1961 278 2002 τι
309 1939 388 2013 τοὺς
420 1936 574 2019 ἀνήβους.
621 1934 654 2013 έξ
688 1930 729 2001 οὗ
762 1934 1078 2022 συναριθμηθέντος

60 2045 129 2110 ὑπὸ
155 2054 224 2109 τῶν
247 2042 478 2127 ἐφεστηκότων
501 2053 571 2119 τοῖς
595 2042 697 2128 ίεροίς
720 2043 865 2128 φανερὸς
889 2043 907 2107 ὁ
930 2053 997 2108 τῶν
1020 2042 1077 2108 ἀν-

59 2150 212 2236 θρώπων
240 2148 384 2235 ἀριθμὸς
411 2147 538 2230 ἐγίνετο
561 2148 644 2212 κατὰ
666 2145 747 2232 γένη
771 2172 805 2214 τε
828 2147 883 2214 καὶ
906 2144 985 2214 καθ’
1006 2149 1077 2230 ήλί-

60 2260 144 2334 κίας.
183 2256 227 2333 ὡς
251 2250 288 2320 δὲ
312 2258 446 2320 Πείσων
468 2256 612 2331 Λεύκιος
635 2252 672 2319 έν
689 2263 729 2340 τη
749 2256 861 2340 πρώτη
880 2266 947 2319 τῶν
966 2253 1113 2319 ένιαυ-5

61 2365 146 2429 σίων
166 2361 372 2448 ἀναγραφῶν
391 2361 525 2444 ίστορεῖ,
545 2363 749 2445 βουλόμενος
767 2358 823 2425 καλ
841 2370 908 2424 τῶν
928 2360 965 2425 ἐν
986 2362 1078 2424 ίίστει
1092 2377 1118 2417 20

63 2470 305 2555 διατριβόντων
327 2469 365 2533 τὸ
388 2472 519 2550 πλῆθος
542 2464 682 2551 εἰδέναι,
710 2477 777 2532 τῶν
800 2489 835 2532 τε
857 2465 1078 2552 γεννωμένων

61 2576 118 2639 καί
143 2583 212 2639 τῶν
242 2572 495 2658 ἀπογινομένων
522 2571 578 2638 καὶ
605 2584 672 2638 τῶν
696 2575 743 2650 είς
765 2574 891 2657 ίίνδρας
913 2573 1078 2660 έγγραφο-

63 2680 190 2765 μένων,
229 2679 341 2758 ἔταξεν
374 2680 456 2745 ὅσον
488 2681 557 2745 ἔδει
590 2682 736 2764 νόμισμα
767 2678 966 2767 καταφέρειν
994 2677 1077 2768 ὑπὲρ

15 2785 207 2852 οτοὲκοίστου
226 2788 307 2863 τοὺς
323 2788 567 2872 προσήκοντας,
587 2787 634 2863 είς
652 2783 713 2870 μὲν
731 2787 791 2851 τὸν
810 2796 868 2870 τῆς
881 2790 1078 2865 Εἰλειθυίας

62 2895 251 2978 θησαυρόν,
266 2891 311 2975 ἣν
320 2888 473 2976 Ῥωμαῖοι
486 2899 648 2958 καλοῦσιν
659 2891 769 2979 Ἥραν
783 2896 979 2980 φωσφόρον,
994 2892 1078 2982 ὑπὲρ
1093 2910 1118 2950 26

62 3011 129 3065 τῶν
153 2996 389 3082 γεννωμένων·
422 3000 469 3076 είς
492 2995 530 3065 δέ
553 3001 612 3065 τὸν
634 3008 692 3083 της
707 2994 904 3085 Ἀφροδίτης
923 3001 1023 3086 <τής>
1042 3001 1078 3067 ἐν

62 3107 157 3171 ίίλσει
193 3103 459 3190 καθιδρυμένης,
496 3106 539 3190 ἣν
569 3106 858 3192 προσαγορεύουσι
889 3110 1078 3192 Λιβιτίνην,

134 3223 299 3350 Ιγρε<έ1>α
316 3224 362 3278 Bb
421 3226 600 3296 ὅηυόό.Β
657 3223 723 3282 9έν
741 3235 804 3291 ταῖς
823 3227 846 3283 0
865 3244 933 3282 corr.
955 3227 1078 3282 Sintenis

63 3297 122 3352 Em.
146 3296 230 3352 Dion.
266 3298 324 3350 [32
415 3305 449 3352 13
467 3297 669 3368 δμοποίλουςΑ
761 3305 795 3353 26
819 3306 868 3367 τῆς
892 3297 956 3350 add.
982 3297 1078 3350 Kiess-

63 3368 123 3437 ling
198 3373 234 3422 27
254 3369 491 3437 προσαγορεύουσι
506 3414 511 3425 .
527 3372 686 3443 νόΐιβιτίνην
704 3369 727 3422 Β
763 3366 1018 3440 προσαγορεύουσιν
1037 3366 1079 3435 βι-

63 3442 143 3508 τίνην
161 3439 188 3492 R
204 3441 209 3508 Ι
225 3436 479 3510 ἀπογ<ι>νομένων
498 3441 520 3493 Β
555 3441 773 3511 ἀπογενομένων
793 3457 815 3495 c.
831 3436 919 3491 Cobet
929 3435 995 3491 Obs.
1005 3454 1032 3504 p.
1045 3438 1078 3486 79
