2400 3848
510 207 543 216 -
579 177 603 228 Ε
640 207 672 215 -·
1037 175 1100 239 149

83 335 233 420 ἐγένετο,
261 338 406 414 καθίσας
433 333 486 402 ἐπὶ
508 337 546 401 τὸ
569 339 658 421 βῆμα
680 334 736 402 καλ
758 338 816 412 τὰς
839 336 1012 414 ἐπιστολὰς
1033 347 1102 402 τῶν

82 441 121 509 ἐν
139 451 179 527 τῆ
197 446 394 530 συνωμοσίᾳ
413 444 699 527 διασκεπτόμενος,
719 442 763 519 ὡς
782 437 858 528 εὗρε
876 444 934 519 τὰς
951 441 1017 507 ὑπὸ
1035 453 1102 508 τῶν

83 550 169 615 υίῶν
186 552 374 635 γραφείσας
393 560 465 626 ταῖς
483 558 666 635 σφραγῖσιν
685 548 843 636 ἑκατέραν
861 551 1029 635 γνωρίσας
1046 546 1102 612 καὶ

83 657 165 742 μετὰ
191 656 231 720 τὸ
259 660 359 721 λῦσαι
385 657 425 721 τὰ
448 665 566 739 σημεῖα
589 666 658 733 τοῖς
680 656 930 742 χειρογράφοις,
955 655 1102 740 ἀναγνω-

84 768 211 845 σθῆναι
235 772 369 848 πρῶτον
391 759 563 828 ἐκέλευσεν
586 760 774 848 ἀμφοτέρας
791 761 856 827 ὑπὸ
874 771 935 827 τοῦ
953 778 1129 849 γραμμαῠ

84 867 167 944 τέως
194 868 244 944 είς
270 868 333 951 τῆν
361 868 517 933 ἁπάντων
544 879 611 933 τῶν
634 870 811 952 παρόντων
835 867 954 948 ἀκοήν·
992 871 1102 933 ἔπειτα

85 972 196 1057 λέγειν
225 972 376 1041 ἐκέλευσε
403 983 473 1051 τοϊς
499 977 630 1057 παισίν,
663 981 698 1040 εί
715 998 748 1039 τι
769 975 958 1059 βούλονται.
1000 975 1044 1050 ὡς
1069 971 1137 1038 δ’3

85 1079 148 1145 οὐκ
172 1079 356 1164 ἐτόλμησεν
379 1079 491 1145 αὐτῶν
514 1079 689 1166 οὐδέτερος
710 1082 793 1167 πρὸς
816 1082 959 1166 ἄρνησιν
982 1079 1102 1164 ἀναιδῆ

84 1183 284 1272 τραπέσθαι,
308 1185 390 1251 ἀλλά
413 1189 673 1271 κατεψηφικότες
696 1185 823 1252 ἑαυτῶν
845 1189 978 1250 ἔκλαιον
997 1185 1103 1270 ἀμφό-

84 1316 186 1379 τεροι,
210 1293 328 1375 ὀλίγον
351 1287 382 1358 δ’
400 1291 543 1377 ἐπισχὼν
565 1296 690 1378 χρόνον
709 1293 881 1358 ἀνίσταται
899 1291 955 1357 καὶ
974 1294 1103 1376 σιωπῆν
1118 1311 1144 1351 1⁰

84 1398 297 1485 προκηρύξας
330 1397 555 1483 ἐκδεχομένων
588 1398 759 1483 ἁπάντων,
791 1401 827 1465 τί
852 1396 945 1476 τέλος
973 1397 1102 1481 ἐξοίσει,

84 1506 239 1571 θάνατον
263 1509 327 1591 ἔφη
350 1504 577 1584 καταδικάζειν
599 1517 666 1572 τῶν
688 1504 828 1571 τέκνων
857 1503 911 1589 ἐφ’
934 1497 960 1593 ᾧ
984 1506 1104 1582 πάντες

34 1610 275 1699 861ἀνέκραγον
302 1613 365 1679 οὐκ
391 1612 560 1692 ἀξιοῦντες
586 1622 740 1679 τοιοῦτον
766 1614 872 1698 ἀνδρα
897 1615 1104 1696 ζημιωθῆναι

86 1716 214 1783 τέκνων
236 1719 373 1807 θανάτφ
397 1716 451 1784 καί
474 1722 669 1804 χαρίζεσθαι
691 1720 749 1795 τάς
771 1719 878 1802 ψυχὰς
901 1728 968 1782 τῶν
992 1742 1103 1801 μειρα-

85 1826 170 1889 κίων
192 1823 374 1908 ἐβούλοντο
393 1833 438 1912 τῷ
456 1828 565 1911 πατρί.
602 1825 620 1890 δ
640 1823 670 1890 δ’
689 1826 765 1890 οὔτε
784 1826 842 1901 τάς
860 1825 975 1908 φωνάς
994 1804 1144 1916 αίιτῶνζδ5

87 1930 165 1995 οὔτε
187 1931 247 2008 τδις
265 1933 410 2016 οίμωγάς
428 1930 653 2015 ἀνασχόμενος
671 1929 821 1997 ἐκέλευσε
839 1942 909 2008 τοῖς
926 1928 1104 2017 ὑπηρέταις

88 2035 229 2120 ἀπάγειν
260 2038 340 2114 τοὺς
365 2040 562 2115 νεανίσκους
589 2035 863 2123 ὀλοφυρομένους
889 2035 945 2102 καὶ
973 2037 1104 2120 ἀντιβο-

88 2147 231 2221 λοῦντας
266 2142 324 2209 καὶ
358 2153 430 2221 ταῖς
467 2143 638 2228 φιλτάταις
676 2143 778 2209 αὐτὸν
812 2141 1104 2227 ἀνακαλουμένους

86 2251 336 2336 προσηγορίαις.
372 2251 570 2335 θαυμαστὸν
593 2246 653 2334 μέν
676 2248 731 2315 καὶ
754 2259 852 2315 τοῦτο
876 2258 977 2314 πᾶσιν
996 2247 1103 2332 έφάνη

86 2357 125 2421 τὸ
153 2352 261 2441 μηδὲν
289 2355 448 2421 ἐνδοῦναι
474 2356 533 2421 τὸν
556 2357 664 2441 ἀνδρα
687 2359 767 2440 μήτε
790 2357 872 2440 πρὸς
895 2356 952 2430 τὰς
976 2355 1105 2435 δεῆσεις
1119 2371 1145 2411 2⁰

87 2472 155 2529 τῶν
191 2467 338 2528 πολιτῶν
374 2463 455 2546 μήτε
486 2462 568 2547 πρὸς
599 2465 678 2540 τοὺς
710 2468 840 2537 οίκτους
871 2471 938 2526 τῶν
970 2457 1104 2542 τέκτων,

87 2573 200 2656 πολλῷ
230 2565 261 2633 δ’
285 2571 333 2634 ἔτι
359 2567 481 2634 τούτου
510 2568 789 2655 θαυμασιώτερον
815 2567 853 2630 τὸ
881 2562 955 2651 περὶ
978 2566 1035 2642 τάς
1058 2589 1105 2631 τι-

83 2677 217 2761 μωρίας
238 2675 351 2740 αὐτῶν
374 2674 571 2759 ἀμείλικτον.
608 2675 770 2761 οὔτεγὰρ
793 2675 918 2739 ἀλλοθί
936 2695 1004 2739 που
1027 2675 1141 2739 συν-5

86 2782 258 2867 εχόιρησεν
291 2780 500 2866 ἀπαχθέντας
531 2783 609 2858 τοὺς
641 2781 737 2858 υίοὺς
768 2781 829 2860 ἔξω
862 2790 919 2865 τῆς
951 2779 1107 2846 ἁπάντων

89 2889 199 2966 ὄψεως
222 2887 420 2972 ἀποθανεῖν,
443 2884 516 2953 οὔτ’
544 2887 643 2964 αὐτὸς
666 2886 702 2952 έκ
720 2896 778 2971 τῆς
796 2886 919 2973 ἀγορᾶς
937 2887 1106 2972 ὑπανεχώ-
1120 2901 1146 2946 25

161 3016 178 3065 2
198 3011 370 3080 συνωμοσίαι
388 3009 411 3062 Β
492 3016 508 3064 3
528 3007 576 3064 καὶ
595 3008 650 3063 del.
669 3009 773 3064 Reieke
849 3015 868 3062 4
885 3015 943 3071 τοῖς
961 3006 1106 3078 χειρογρά-

90 3100 156 3150 φοις
174 3080 230 3135 del.
249 3078 353 3135 Reiske
426 3078 608 3150 ὁάμφότερα
626 3079 678 3133 ΑΒ
748 3078 964 3149 9*τραπε’σθαι
982 3090 1106 3147 κατεψη-

113 3148 248 3214 ικότεςΒ
293 3148 455 3222 τραπέσθαι
476 3149 565 3205 πάλαι
587 3171 612 3205 κ.
636 3151 661 3203 R
706 3148 865 3221 τραπέσθαι
884 3149 954 3205 ἀλλὰ
977 3171 1001 3204 κ.
1026 3165 1078 3216 ego
1100 3147 1103 3216 λ

90 3171 205 3277 ἀκλαιον
227 3219 257 3276 δ’
274 3220 438 3293 ἀμφότεροι,
457 3220 551 3291 ὀλίγον
570 3217 690 3292 ἐπισχὼν
710 3238 732 3277 ο.
751 3222 854 3276 Reiske
933 3227 965 3274 19
984 3218 1035 3288 μὲν
1055 3213 1105 3270 οὖν

90 3309 113 3348 ο.
132 3293 239 3348 Reiske
255 3296 259 3360 Ι
275 3302 357 3348 τοῦτο
380 3294 486 3348 ἅπασιν
507 3293 528 3346 Ο
602 3299 636 3348 23
656 3291 754 3348 ἀλλοσέ
777 3313 826 3347 ποι
845 3310 867 3346 ο.
887 3289 1016 3345 Hertlein
1033 3286 1106 3340 Her-

90 3379 150 3419 mes
168 3363 195 3418 X
208 3369 261 3419 412
280 3362 370 3420 cobet
384 3363 449 3419 obs.
464 3382 490 3432 p.
506 3370 540 3418 96
596 3370 630 3420 25
643 3365 842 3435 παρεχώρησεν
856 3361 932 3415 ABb
960 3357 1106 3426 ὑπανεχώ-

92 3452 176 3504 ρησεν
196 3451 265 3490 οοτε.
284 3451 319 3491 ex
336 3434 536 3506 παρεχώρησεν
553 3433 601 3488 Βει
