2414 3840
95 183 160 248 342
540 185 700 236 -ς-

95 345 115 429 ἡ
145 343 262 432 πατρίς
291 345 372 429 ἡμῖν
403 348 569 431 οἰχήσεται
598 343 653 411 καὶ
680 346 701 429 ἡ
728 349 878 411 πολιτεία
906 348 990 433 πρὸς
1017 347 1111 433 ἡμῶν

96 452 207 518 αὐτῶν
229 451 467 537 καταλυομένη.
504 449 560 516 καί
583 452 625 517 ού
647 455 852 537 προστίθημι
877 453 1038 537 ἐνταῦθα,
1063 456 1112 520 ὅτι

96 564 253 643 πολεμεῖν
275 558 470 643 ἐπιτηδείων
489 557 651 642 σωμάτων
668 558 749 642 ἡμῖν
768 558 805 623 ἐν
823 567 869 646 τῷ
889 562 1032 648 παρόντι
1050 562 1112 644 δεῖ,

97 664 139 730 ού
161 675 320 751 γεωργῶν
343 662 423 731 οὐδὲ
444 670 560 747 θητῶν
579 660 659 729 οὐδὲ
677 664 833 750 ἐμπόρων
852 663 932 732 οὐδὲ
950 677 1018 732 τῶν
1037 665 1113 752 περὶ

69 773 153 847 ετάς
176 772 366 855 βαναύσους
388 769 505 855 τέχνας
527 767 798 856 ἀσχολουμένων,
828 769 888 848 οὓς
910 772 978 857 ἀμα
1000 773 1114 856 δεήσει

96 877 284 962 μανθάνειν
320 879 360 941 τά
391 878 552 961 πολεμικά
583 874 639 942 καὶ
670 885 789 963 πεῖραν
821 878 932 943 αὐτῶν
966 879 1112 944 διδόναι·

97 985 221 1070 χαλεπὴ
251 981 288 1049 δὲ
315 994 412 1070 πεῖρα
441 995 508 1049 τῶν
536 984 580 1068 μὴ
609 982 646 1048 ἐν
668 985 755 1049 ἔθει·
789 982 917 1068 ἀνάγκη
942 981 979 1050 δὲ
1000 986 1113 1050 τοιού-

95 1115 175 1168 τους
197 1085 283 1156 είναι
301 1093 380 1167 τοὺς
398 1090 586 1173 σύγκλυδας
607 1086 663 1155 καὶ
686 1089 869 1167 ἐκπαντὸς
891 1093 1017 1168 ἔθνους
1042 1107 1177 1176 μετ-ωδε

61 1196 345 1282 3ανισταμένους.
378 1197 617 1280 στρατιωτικὴν
639 1198 703 1282 γάρ
728 1197 804 1262 ούτε
828 1197 894 1283 ὁρῶ
919 1199 1109 1282 συμμαχίαν

58 1326 84 1366 10
96 1304 177 1388 ἡμῖν
200 1303 360 1387 οὐδεμίαν
384 1312 597 1367 συνεστῶσαν
620 1297 704 1385 οὔτ’,
728 1305 760 1368 εί
780 1306 903 1388 φανείη
926 1325 977 1380 τις
995 1303 1033 1369 ἐκ
1051 1312 1110 1369 τοῦ

97 1410 278 1493 ἀδοκήτου,
306 1404 537 1494 παραινέσαιμ’
560 1406 602 1472 ἀν
625 1408 706 1493 ὑμῖν
728 1407 982 1494 παραδέξασθαι
1005 1410 1109 1494 αὐτην

97 1526 167 1593 τοῖς
189 1518 310 1600 τείχεσι
332 1516 525 1600 προχείρως,
549 1517 673 1591 πολλὰς
696 1516 798 1593 ἀλλας
818 1514 1035 1601 ἐπιστάμενος
1053 1519 1109 1583 πό-

97 1628 165 1700 λεις
187 1632 259 1698 ταῖς
281 1623 507 1706 είσαχθείσαις
529 1619 583 1685 ἐπὶ
606 1626 738 1704 φυλακῇ
757 1631 925 1704 στρατιαῖς
944 1623 1109 1689 δεδουλω-

98 1728 207 1815 μένας.

58 1856 84 1897 15
165 1837 267 1902 LIIII.
287 1830 559 1920 Ἐνθνμούμενοί
573 1857 607 1899 τε
627 1837 668 1920 δὴ
687 1843 790 1900 ταῦτα
808 1832 863 1900 καὶ
882 1836 944 1902 ὅσα
959 1838 1001 1921 δὴ
1017 1836 1109 1923 ἕτερα

95 1943 176 2028 ἡμῖν
199 1949 326 2029 εἴρηται
350 1944 525 2027 πρότερον,
550 1943 598 2007 ἔτι
616 1938 654 2006 δὲ
671 1951 739 2006 τῶν
756 1942 1043 2021 παρακαλούντων
1059 1941 1109 2009 ἐπὶ

96 2051 154 2126 τάς
186 2050 365 2132 διαλλαγάς
398 2048 739 2134 ἀναμιμνησκόμενοι,
774 2049 824 2113 ὅτι
852 2047 894 2113 οὐ
922 2044 1001 2132 παρ’
1033 2050 1109 2134 ἡμῖν

98 2159 214 2241 μόνοις
240 2154 261 2238 ἣ
288 2156 431 2239 πρώτοις
460 2157 557 2220 πενία
585 2156 668 2240 πρὸς
689 2160 837 2221 πλοῦτον
861 2154 1035 2221 ἐστασίασε
1058 2153 1111 2221 καλ

97 2264 292 2344 ταπεινότης
309 2263 392 2346 πρὸς
411 2261 617 2345 ἐπιφάνειαν,
638 2256 710 2326 ἀλλ’
728 2260 764 2326 ἐν
784 2260 926 2338 ἀπάσαις
943 2261 989 2338 ῶς
1007 2264 1111 2328 εἰπεῖν

58 2387 85 2428 εο
98 2366 153 2435 καὶ
176 2377 307 2454 μικραῖς
325 2366 380 2432 καὶ
399 2369 555 2453 μεγάλαις
573 2371 689 2434 πόλεσι
707 2364 868 2452 πολέμιον
888 2369 932 2445 ῶς
947 2369 988 2432 τά
1006 2369 1112 2434 πολλὰ

97 2486 159 2543 τοῦ
187 2461 343 2553 πλείονος
370 2477 554 2541 τοῦλαττον
582 2476 794 2539 καθίσταται·
832 2473 869 2538 ἐν
897 2465 949 2550 αἷς
977 2475 1014 2539 οῖ
1033 2497 1112 2561 προ-

99 2586 271 2668 εστηκότες
302 2593 364 2650 τοῦ
396 2590 513 2647 κοινοῦ
545 2580 779 2666 μετριάσαντες
810 2576 872 2663 μὲν
899 2583 1030 2645 ἔσωσαν
1057 2583 1113 2657 τάς

98 2691 273 2775 πατρίδας,
306 2690 472 2775 αὐθαδείᾳ
504 2685 541 2752 δὲ
570 2686 773 2773 χρησάμενοι
800 2687 881 2770 μετὰ
907 2696 975 2750 τῶν
1003 2688 1113 2753 ἀλλων

63 2795 84 2860 2
99 2794 240 2878 ἀγαθῶν
257 2795 312 2861 καὶ
332 2807 419 2881 σφοῖς
438 2797 560 2873 αὐτοὺς
576 2794 751 2859 διώλεσαν·
797 2789 831 2857 αὶ
846 2793 896 2857 ὅτι
912 2801 981 2858 πᾶν
994 2802 1112 2879 χρῆμα,

62 2900 118 2966 2σὸ
147 2899 189 2966 ἀν
218 2902 254 2968 ἐκ
276 2908 410 2969 πολλῶν
434 2905 601 2968 σύνθετον
624 2891 662 2986 ᾖ,
689 2907 803 2965 νοσεῖν
825 2896 953 2983 πέφυκε
976 2899 1059 2964 κατά
1082 2921 1112 2963 τι

99 3017 167 3073 τῶν
201 3008 321 3075 ἑαυτοῦ
352 3012 496 3095 μορίων,
529 3005 585 3074 καὶ
617 3010 665 3072 ἔτι
691 3007 775 3092 πρὸς
804 3007 935 3082 τούτοις
963 3006 1009 3082 ὡς
1037 3007 1171 3072 ούτειῖῖῖ

172 3235 409 3307 3πολεμικῶνο
447 3239 578 3304 πολεμεῖν
597 3233 701 3289 Reiske
783 3232 898 3306 ῖτῷΟ
935 3240 991 3287 τῶν
1011 3233 1113 3288 Reiske

103 3314 134 3361 12
153 3307 277 3370 *πολλὰς
299 3307 372 3376 ἡμᾶς
396 3302 596 3375 ἐπισταμένους
614 3305 665 3358 ΑΒ
702 3303 806 3368 πολλάς
828 3324 907 3367 τινας
931 3298 1115 3375 ἐπιστάμενος

92 3378 214 3520 ‘gaisola
240 3377 344 3440 πολλὰς
362 3375 416 3446 ἤδη
437 3373 458 3431 ἒ.
478 3375 602 3431 Sintenis
621 3376 681 3431 Em.
700 3375 783 3431 Dion.
798 3377 872 3431 1132
909 3375 1013 3438 πολλὰς
1032 3375 1115 3437 ἀλλας

108 3564 215 3600 Α
