2414 3840
123 170 189 237 ειν
550 169 777 271 -τ-’

88 357 183 422 χνος
212 333 230 398 ὁ
261 341 319 416 τῆς
347 331 476 414 ἡλικίας
506 327 696 395 ἀποδέδωκε
726 327 780 397 καὶ
809 329 826 394 ὁ
854 331 966 413 νόμος.
1013 328 1141 395 οὐκοῦν

125 441 264 526 αἰσχρὸν
296 435 356 523 μὲν
388 439 474 522 ὑμᾶς
505 439 584 513 τοὺς
615 436 653 502 ἐν
684 436 770 522 ἀκμή
800 437 939 520 φεύγειν
965 437 1007 501 τὰ
1034 437 1140 520 ἀεινώ,

124 548 264 623 τούτους
287 541 324 610 δὲ
343 547 422 621 τοὺς
440 540 525 629 ὑπὲρ
543 543 676 627 ήλικίαν
694 543 839 626 διώκειν,
862 540 973 608 καὶτὸ
992 539 1055 628 μὲν
1072 554 1141 608 τών

124 654 294 737 γερόντων
312 653 504 736 πρόθυμον,
524 647 594 716 ἐπεὶ
613 649 675 715 οὐκ
694 649 888 715 ἀποκτεῖναί
902 672 981 714 τινα
1000 649 1143 715 ἀόναται

99 769 194 824 ιτῶν
210 759 390 842 πολεμίων,
408 756 636 840 ἀποθνήσκειν
654 779 692 840 γε
710 752 794 842 ὑπὲρ
812 764 871 839 τῆς
888 758 1050 842 πατρίδος
1068 755 1143 822 ἐθέ-

126 871 213 948 λειν,
238 866 275 930 τὸ
300 862 330 929 θ’
353 861 514 949 ὑμέτερον
537 862 693 947 ἀκμάζον,
717 854 768 939 οἷς
791 862 917 940 ἔξεστιν
940 861 1142 948 εὐτυχήσασι

127 967 188 1056 μὲν
218 970 389 1057 ἀμφότερα
419 979 523 1035 σώσαι
551 967 607 1033 καὶ
635 976 733 1034 νικᾶν
762 968 935 1053 ἀσφαλῶς,
962 971 994 1033 ελ
1021 966 1060 1034 δὲ
1086 968 1206 1037 καλιοσ

127 1077 216 1163 <μή>
245 1078 325 1163 μετὰ
351 1084 413 1142 τοῦ
441 1077 565 1161 δρᾶσαί
587 1097 621 1139 τι
643 1085 809 1157 γενναῖον,
823 1072 879 1140 καὶ
901 1081 1037 1159 παθεῖν,
1061 1078 1141 1160 μήτε

126 1193 184 1267 τής
206 1184 307 1267 τύχης
328 1192 447 1268 πεῖραν
471 1185 601 1266 λαβεῖν,
631 1185 712 1266 μήτε
734 1182 796 1265 τήν
818 1191 876 1265 τῆς
898 1183 1017 1269 ἀρετής
1040 1181 1141 1260 δόξαν

88 1273 334 1387 ᾗκαταλιπεῖνς
359 1289 400 1354 οὐ
422 1290 506 1375 πρὸς
523 1289 630 1373 ὑμῶν,
654 1283 680 1354 ὦ
699 1289 820 1375 ἄνδρες
833 1283 998 1372 Ῥωμαῖοι,
1020 1291 1063 1354 τὰ
1081 1286 1141 1375 μὲν

127 1398 235 1466 πολλοὶ
257 1395 419 1482 ὑπάρχειν
442 1393 497 1460 καὶ
519 1395 699 1479 θαυμαστὰ
721 1395 801 1480 ἔργα
823 1392 900 1480 παρ’
924 1392 1060 1480 ἑτέροις,
1084 1395 1142 1473 οὓς

129 1500 241 1579 οὐδεὶς
267 1502 409 1588 ὑμνήσει
435 1504 535 1584 λόγος
563 1500 674 1580 ἀξίως;
702 1502 827 1578 πολλοῖς
850 1497 887 1566 δὲ
909 1499 965 1566 καὶ
987 1505 1142 1586 περιβοή-

58 1696 63 1706 ⁸
128 1633 208 1686 τους
239 1609 372 1693 πράξεις
399 1610 522 1685 οἰκείας
550 1609 587 1674 τὸ
616 1606 650 1685 ἐξ
677 1608 773 1691 ὑμῶν
799 1606 1007 1694 καρπώσεται
1035 1607 1141 1691 γένος,

129 1716 171 1800 ήν
194 1725 315 1781 τοῦτον
338 1719 387 1781 ἔτι
408 1715 642 1802 κατορθώσητε
666 1715 726 1779 τὸν
748 1716 905 1799 πόλεμον.
947 1714 1003 1780 ἵνα
1028 1711 1066 1780 δὲ
1088 1712 1143 1780 καλ

91 1841 116 1883 15
130 1833 200 1900 τοῖς
222 1824 262 1888 τὰ
284 1822 442 1909 κρώτιστα
459 1822 554 1905 ὑμῶν
573 1820 736 1905 ἐγνωκόσι
753 1821 796 1884 τό
809 1830 966 1903 γενναῖον
985 1821 1031 1906 μή
1049 1821 1143 1909 ἀκερ-

130 1927 186 2006 δὲς
208 1927 343 2013 γε’νηται
365 1925 421 1994 καὶ
444 1939 514 2004 τοῖς
534 1926 617 2015 πέρα
636 1936 697 1992 τοῦ
715 1925 851 2005 θέοντος
868 1929 908 1993 τὰ
927 1929 1022 1993 δεινὰ
1040 1949 1144 2013 πεφο-

130 2035 288 2120 βημένοις
310 2036 355 2120 μή
379 2034 516 2118 ἀζήμιον
538 2024 575 2120 ᾖ,
603 2020 684 2119 πρὶν
707 2035 754 2110 εῖς
776 2041 879 2099 ταῦτα
902 2033 1033 2118 ἐλθεῖν,
1062 2035 1143 2102 οἴων

94 2141 297 2229 4ἑκατέροις
328 2142 531 2225 συμβήσεται
558 2150 687 2224 τυχεῖν,
718 2139 883 2205 ἀκούσατέ
907 2163 981 2225 μου.
1028 2133 1055 2230 ᾧ
1084 2139 1144 2228 μὲν

201 2298 309 2368 λὺμᾶς
328 2294 421 2368 μένΟ
458 2293 509 2367 μὲν
528 2295 738 2366 ὑμᾶςἨιιόεοω
796 2297 919 2351 3verba
936 2296 1003 2351 inde
1023 2299 1059 2352 ab
1080 2299 1145 2354 διώ-

130 2389 192 2424 κειν
211 2385 300 2437 usque
319 2368 356 2422 ad
374 2376 429 2423 τῶν
447 2369 589 2438 πολεμίων
608 2366 673 2421 add.
687 2366 734 2420 Bb
752 2366 783 2420 in
801 2384 866 2437 mgo
882 2373 886 2435 1
902 2369 967 2430 τοὺς
985 2368 1041 2424 del.
1057 2368 1146 2424 Cobet

130 2441 197 2497 obs.
215 2457 243 2508 p.
260 2445 311 2494 110
383 2446 400 2493 4
419 2437 558 2496 δύνανται
576 2438 666 2492 Cobet
684 2437 701 2492 l.
721 2438 740 2492 l.
814 2445 830 2492 5
850 2434 962 2495 ἐθέλειν
981 2440 1036 2496 del.
1057 2440 1147 2496 Cobet

130 2512 148 2566 1.
168 2512 187 2566 1.
243 2517 259 2565 6
280 2511 447 2581 εὐτυχήσασι
465 2508 517 2580 μέν
536 2506 683 2579 ἀμφότερα
702 2516 790 2563 σῶσαι
808 2508 830 2563 Ο
867 2508 1015 2580 ἀμφότερα
1030 2511 1147 2583 εάτυχή-

130 2600 196 2638 σασι
214 2579 266 2652 μὲν
285 2590 372 2637 σῶσαι
391 2579 514 2636 Sintenie
532 2580 593 2634 Em.
608 2578 690 2635 Dion.
705 2580 762 2634 119
799 2578 976 2651 ἀμφοτέρους
994 2591 1083 2637 σῶσαι
1101 2583 1145 2638 ve]

131 2652 240 2724 ἀμφότε
260 2673 279 2707 α
307 2657 449 2708 σεσῶσθαι
476 2651 580 2706 Reiske
616 2656 747 2720 σωθῆναι
769 2651 907 2706 Bfioheler
943 2660 996 2715 σῶς
1019 2651 1046 2707 τ’
1072 2652 1147 2711 εἶναι

132 2724 222 2780 Cobet
240 2674 306 2779 Che.
320 2743 347 2794 p.
365 2730 413 2779 111
473 2729 488 2777 7
508 2724 661 2792 ἀσφαλεῖςῖ
677 2726 681 2791 Ι
697 2719 747 2777 *εά
762 2720 794 2776 δὲ
808 2722 858 2776 καλ
873 2742 906 2793 με
920 2731 970 2804 τοῦ
985 2723 1033 2778 Ba
1070 2724 1099 2780 εἰ
1115 2723 1145 2780 δέ

131 2795 181 2849 καλ
199 2794 269 2866 μετὰ
286 2803 337 2851 τοῦ
355 2795 432 2848 ABb
469 2793 497 2850 εἰ
514 2791 545 2849 δὲ
565 2792 602 2864 μή
621 2793 671 2847 καὶ
689 2792 760 2863 μετά
777 2801 826 2848 τοῦ
841 2792 973 2848 Gelemus
1009 2793 1038 2850 εἰ
1056 2794 1088 2851 δὲ
1104 2799 1151 2851 δεῖ
1179 2858 1181 2862 ,

131 2865 201 2937 μετὰ
224 2864 328 2921 Reiske
350 2924 351 2927 ,
370 2865 398 2921 εἰ
418 2863 449 2920 δέ
474 2865 523 2920 καὶ
546 2863 626 2936 <μὴ>
648 2863 719 2935 μετὰ
740 2873 790 2918 τοῦ
814 2881 866 2934 ego
904 2865 1073 2936 εὐτυχήσασι
1096 2865 1147 2938 μέν

131 2936 279 3008 ἀμφότερα
303 2945 390 2991 σώσαι
413 2936 462 2990 καὶ
480 2943 577 3005 νικᾶν,
602 2940 731 3005 σφαλεῖσι
754 2933 785 2991 δὲ
809 2933 871 3006 μετ’
892 2936 981 2990 αὐτοῦ
999 2938 1018 2990 ὃ
1037 2945 1106 2994 ᾶσαι
1124 2955 1146 2993 e.

131 3009 277 3064 Meutzner
298 3008 371 3063 Ann.
390 3007 460 3076 phil.
480 3013 548 3063 1882
567 3024 595 3075 p.
610 3013 662 3062 252
744 3012 776 3059 11
800 3002 870 3077 παρ’
892 3001 998 3078 ἑτέροις
1016 2959 1040 3062 C
1077 3005 1145 3078 παρ’

131 3075 234 3150 ἕτέρων
259 3079 382 3133 Sintenis
405 3078 465 3133 Em.
484 3077 566 3132 Dion.
586 3077 643 3131 119
688 3077 767 3159 παρὰ
787 3086 843 3160 τών
861 3076 991 3147 πατέρων
1010 3079 1149 3135 Btteheler

133 3158 165 3205 12
184 3152 251 3220 post
269 3150 353 3216 ἀξίως
370 3150 501 3203 lacunam
520 3147 643 3203 Sintenis
663 3151 692 3203 et
709 3149 853 3219 Ksesshng
871 3149 1069 3219 significarunt
1116 3157 1148 3206 13

131 3221 321 3290 καρπεόσεται
342 3220 396 3275 ΑΒ
483 3225 516 3274 14
541 3215 787 3291 ἐπικατορθώσητε
811 3221 833 3276 Ο
881 3218 922 3276 ἔτι
947 3223 1148 3292 κατορθώσητε

132 3293 255 3362 Sylburg
332 3299 364 3348 17
384 3291 502 3362 ἀζήμιον
527 3284 545 3361 ᾖ
573 3291 604 3345 τὸ
633 3288 749 3361 ἀγεννὲς
772 3308 794 3347 c.
811 3292 982 3347 dubitanter
1004 3293 1150 3363 Kiessling

131 3361 342 3436 πεφοβημένοις
364 3372 446 3419 τοῦτο
469 3380 492 3418 o.
511 3363 619 3431 Kayser
636 3363 707 3417 Ann.
725 3361 796 3431 phil.
818 3364 884 3419 1866
903 3382 931 3432 p.
950 3369 986 3417 45
1022 3366 1149 3439 πεφοβη·

127 3432 228 3503 μένοις
246 3433 310 3500 δέος
328 3435 432 3490 Reiske
448 3437 453 3506 Ι
469 3431 530 3490 οἷον
548 3436 574 3488 Α
