2414 3840
96 139 141 203 84
525 91 689 192 -ε-

96 301 236 366 λεύεσθε
259 301 323 386 γάρ
347 301 383 368 οί
402 305 662 387 κορυφαιότατοι
684 313 752 368 τῶν
776 302 813 368 ἐν
833 312 905 380 ταῖς
922 305 1039 368 πόλεσι
1059 302 1114 370 καί

93 409 134 472 τά
161 408 259 473 κοινά
285 408 487 493 πράττοντες
514 408 579 474 ὑπὸ
602 416 663 474 τοῦ
685 413 790 475 καλοῦ
813 409 935 474 τούτου
959 411 1116 494 δημαγω-

93 523 168 599 γοῦ,
192 513 271 598 <ὃς>
289 515 556 600 παρεσκεύασταί
570 539 606 581 τε
623 516 702 593 τοὺς
721 515 1005 600 ἐπιφανεστάτους
1018 516 1116 601 ὑμῶν

94 620 290 699 ἀποκτείνας
313 618 494 687 ἐπιθέσθαι
516 630 556 708 τῇ
571 625 728 688 Λατίνων
753 623 836 708 ἀρχῇ
859 619 915 687 καλ
938 619 992 688 ἐπὶ
1010 621 1112 689 τοῦθ’

93 728 174 810 ἥκει.
211 735 315 792 ταῦτα
338 724 369 792 δ’
392 727 454 793 οὐκ
473 729 621 812 εἰκάζων,
645 722 717 794 ἀλλ’
735 727 879 814 ἀκριβῶς
897 727 1117 814 ἐπιστάμενος

93 832 179 917 λέγω
198 834 372 918 μηνύσεώς
390 858 447 919 μοι
465 833 649 919 γενομένης
666 833 703 901 ἐν
721 843 761 921 τῇ
781 835 997 921 παρελθούσῃ
1016 834 1117 902 νυκτὶ

93 940 159 1006 ὑπό
182 963 274 1019 τινος
296 952 364 1006 τῶν
386 943 635 1027 μετεσχηκότων
658 950 715 1025 τῆς
738 944 960 1025 συνωμοσίας.
996 931 1117 1027 τεκμη-

96 1071 172 1133 ριον
200 1046 231 1112 δ’
253 1047 334 1132 ὑμῖν
357 1044 540 1133 παρέξομαι
562 1058 630 1113 τῶν
653 1051 764 1131 λόγων
788 1050 888 1133 ἔργον
911 1046 1117 1133 ἀναμφίλεκ-

93 1177 171 1238 τον,
201 1154 260 1219 ἐάν
288 1152 469 1236 ἐθελήσητε
492 1152 606 1218 ἐλθεῖν
629 1151 683 1220 ἐπὶ
705 1154 767 1237 τὴν
790 1154 972 1219 κατάλυσιν
996 1154 1116 1240 αὐτοῦ,

60 1261 135 1326 ιοτδι
156 1258 366 1346 κεκρυμμένα
390 1259 427 1324 ἐν
451 1258 535 1343 αὐτῇ
559 1259 667 1339 δείξας
688 1261 782 1344 ὅπλα.

160 1364 376 1431 XXXXVIII.
395 1360 452 1443 Ὡς
475 1362 512 1431 δὲ
535 1364 627 1432 ταῦτ’
645 1361 747 1451 εἶπεν,
770 1366 959 1452 ἀνεβόησάν
976 1390 1013 1432 τε
1031 1369 1159 1435 πάν-τες

93 1497 147 1551 τες
169 1470 225 1538 καί
248 1469 322 1558 περὶ
341 1481 411 1550 τοῖς
429 1471 574 1559 ἀνδράσι
593 1474 738 1551 δεδιότες
757 1472 903 1559 ἐλέγχειν
921 1475 959 1538 τὸ
978 1484 1117 1562 πρᾶγμα

95 1577 218 1664 καὶμὴ
243 1581 431 1664 φενακίζειν
454 1579 581 1663 ἠξίουν.
618 1577 715 1646 καὶὸ
743 1580 883 1665 Τύρνος,
908 1571 962 1644 οἷα
985 1581 1028 1669 δὴ
1054 1583 1117 1665 τὴν

95 1685 279 1770 ἐπιβουλὴν
303 1685 344 1751 οὐ
366 1686 602 1771 προεγνωκώς,
626 1687 770 1770 άσμενος
792 1687 854 1769 τὴν
877 1684 1025 1764 ἐξέτασιν
1049 1690 1115 1772 ἐφη

60 1812 86 1854 15
97 1791 255 1877 δέχεσθαι
289 1789 344 1857 καί
376 1795 455 1870 τοὺς
486 1791 673 1878 προέδρους
704 1790 757 1858 ἐπὶ
788 1792 851 1875 τὴν
883 1794 1024 1878 ἔρευναν
1057 1803 1117 1878 της

94 1899 304 1976 καταλύσεως
336 1897 444 1963 ἐκάλει
477 1895 534 1963 καὶ
565 1898 660 1963 δυεῖν
686 1894 846 1981 γενέσθαι
873 1897 1020 1984 θάτερον
1049 1903 1114 1985 ἐφη

97 2006 180 2088 δεῖν,
203 2003 224 2088 ἢ
244 2003 343 2082 αὐτὸς
361 2003 560 2087 ἀποθανεῖν,
583 2003 643 2070 ἐάν
661 2004 785 2090 εὑρεθῇ
803 2004 1116 2090 παρεσκευασμένος

97 2111 182 2177 ὅπλα
206 2109 267 2189 ἐξω
290 2121 358 2176 τῶν
382 2110 539 2194 ἐνοδίων,
563 2109 584 2194 ἦ
607 2111 667 2175 τὸν
689 2111 985 2195 καταψευσάμενον
1008 2112 1116 2178 αὐτοῦ

59 2219 194 2302 2δίκην
225 2217 394 2302 ὑποσχεῖν.
440 2217 549 2282 ἐδόκει
579 2225 698 2282 ταῦτα·
737 2213 793 2282 καὶ
826 2218 862 2282 ολ
889 2217 1116 2303 πορευθέντες

59 2322 149 2390 εοέπλ
186 2325 247 2408 τὴν
279 2323 460 2389 κατάλυσιν
493 2322 598 2388 αὐτοῦ
629 2323 942 2408 καταλαμβάνουσιν
974 2323 1012 2390 ἐν
1043 2336 1116 2404 τοῖς

95 2433 318 2517 σκευοφόροις
344 2431 385 2495 τά
411 2427 690 2517 κατακρυφθέντα
713 2430 778 2495 ὑπὸ
801 2440 870 2496 τῶν
892 2434 1114 2517 θεραπόντων

58 697 79 760 6

57 783 71 824 5

96 2537 184 2622 ξίφη.
222 2537 303 2621 μετὰ
325 2545 424 2602 τοῦτο
442 2537 502 2603 τὸν
521 2533 583 2621 μέν
601 2537 734 2622 Τύρνον
753 2534 865 2602 οὐκέτι
882 2539 985 2620 λόγου
999 2549 1114 2624 τυχεῖν

96 2643 252 2718 ἐάσαντες
282 2643 328 2718 είς
355 2642 533 2727 βάραθρόν
560 2665 592 2706 τι
614 2642 861 2725 καταβάλλουσι
882 2640 938 2707 καλ
962 2641 1113 2710 ἐπικατα-

97 2751 283 2828 σκάψαντες
296 2749 342 2812 έτι
360 2749 481 2826 ζῶντος
494 2747 556 2830 τὴν
569 2757 633 2832 γῆν
648 2750 890 2834 διαφθείρουσι
903 2759 1112 2835 παραχρῆμα.

60 2827 156 2954 Ξτὸν
184 2853 221 2921 δὲ
247 2854 437 2940 Ταρκύνιον
461 2852 692 2932 ἐπαινέσαντες
715 2853 767 2920 ἐπὶ
791 2864 849 2939 τῆς
872 2855 1047 2939 ἐκκλησίας
1070 2857 1113 2934 ὡς

95 2965 212 3029 κοινὸν
240 2958 417 3046 εὐεργέτην
440 2972 508 3025 τῶν
531 2963 660 3027 πόλεων
684 2959 736 3027 ἐπὶ
759 2970 805 3049 τῷ
829 2959 1011 3028 σεσωκέναι
1033 2965 1113 3039 τοὺς

169 3198 184 3246 3
204 3189 234 3255 ὃς
258 3191 321 3246 add.
341 3189 445 3245 Reiske
537 3196 552 3244 7
572 3187 780 3260 μετεσχηκότων
798 3189 821 3242 Β
859 3186 1113 3258 συνεσχηκότωνΒι

98 3262 330 3331 9*θελήσετεο
411 3268 442 3316 11
462 3260 626 3324 άπαντεςΒ
705 3267 737 3315 13
757 3259 816 3384 δηχ
826 3263 875 3315 δεῖ
888 3262 914 3313 Α
994 3267 1028 3314 14
1048 3263 1113 3332 βον-

97 3335 192 3405 λὴνΑ
281 3340 315 3390 21
335 3330 561 3403 ἀποκρυφθέντα
584 3349 607 3387 ο.
627 3331 771 3400 Kiessling
816 3350 838 3386 r.
857 3331 921 3386 Βαο.
940 3339 1004 3400 p.3
1079 3338 1111 3386 23

99 3404 308 3477 ε’πισκάφαντες
326 3404 348 3460 O
367 3404 521 3476 praeterB
593 3410 629 3458 24
648 3398 792 3469 ζῶντ’ἐςΑ
830 3405 911 3468 ζῶντι
930 3419 952 3455 ο.
972 3401 1076 3457 Reiske
