<?xml version="1.0" encoding="UTF-8"?>
<!DOCTYPE html PUBLIC "-//W3C//DTD XHTML 1.0 Transitional//EN"
    "http://www.w3.org/TR/xhtml1/DTD/xhtml1-transitional.dtd">
<html xmlns="http://www.w3.org/1999/xhtml" xml:lang="en" lang="en">
 <head>
  <title>
</title>
<meta http-equiv="Content-Type" content="text/html;charset=utf-8" />
  <meta name='ocr-system' content='tesseract 3.04.00' />
  <meta name='ocr-capabilities' content='ocr_page ocr_carea ocr_par ocr_line ocrx_word'/>
</head>
<body>
  <div class='ocr_page' id='page_1' title='image "./dionysihalicarn02diongoog_0329.png"; bbox 0 0 2414 3840; ppageno 0'>
   <div class='ocr_carea' id='block_1_1' title="bbox 563 166 722 215">
    <p class='ocr_par' dir='ltr' id='par_1_1' title="bbox 563 166 722 215">
     <span class='ocr_line' id='line_1_1' title="bbox 563 166 722 215; baseline 0 -13"><span class='ocrx_word' id='word_1_1' title='bbox 563 166 722 215; x_wconf 83' lang='grc' dir='ltr'><strong><em>..ς-</em></strong></span> 
     </span>
    </p>
   </div>
   <div class='ocr_carea' id='block_1_2' title="bbox 95 322 1201 2749">
    <p class='ocr_par' dir='ltr' id='par_1_2' title="bbox 95 322 1201 2749">
     <span class='ocr_line' id='line_1_2' title="bbox 133 322 1151 410; baseline 0.002 -21"><span class='ocrx_word' id='word_1_2' title='bbox 133 322 378 410; x_wconf 87' lang='grc' dir='ltr'><strong><em>συστραφέντες</em></strong></span> <span class='ocrx_word' id='word_1_3' title='bbox 406 325 467 388; x_wconf 91' lang='grc' dir='ltr'><strong><em>τόν</em></strong></span> <span class='ocrx_word' id='word_1_4' title='bbox 492 346 528 388; x_wconf 88' lang='grc' dir='ltr'><strong><em>τε</em></strong></span> <span class='ocrx_word' id='word_1_5' title='bbox 555 325 743 408; x_wconf 87' lang='grc' dir='ltr'><strong><em>φερόμενον</em></strong></span> <span class='ocrx_word' id='word_1_6' title='bbox 770 323 965 410; x_wconf 75' lang='grc' dir='ltr'><strong><em>ἀφῃροῦντο</em></strong></span> <span class='ocrx_word' id='word_1_7' title='bbox 993 325 1151 403; x_wconf 75' lang='grc' dir='ltr'><strong><em>καὶτοὺς</em></strong></span> 
     </span>
     <span class='ocr_line' id='line_1_3' title="bbox 133 428 1151 516; baseline 0 -20"><span class='ocrx_word' id='word_1_8' title='bbox 133 429 297 516; x_wconf 78' lang='grc' dir='ltr'><strong><em>ὑπηρέτας</em></strong></span> <span class='ocrx_word' id='word_1_9' title='bbox 320 442 387 495; x_wconf 83' lang='grc' dir='ltr'><strong><em>τῶν</em></strong></span> <span class='ocrx_word' id='word_1_10' title='bbox 410 430 546 495; x_wconf 80' lang='grc' dir='ltr'><strong><em>ὑπάτων</em></strong></span> <span class='ocrx_word' id='word_1_11' title='bbox 569 430 610 494; x_wconf 90' lang='grc' dir='ltr'><strong><em>ού</em></strong></span> <span class='ocrx_word' id='word_1_12' title='bbox 633 428 852 515; x_wconf 77' lang='grc' dir='ltr'><strong><em>μεθιεμένους</em></strong></span> <span class='ocrx_word' id='word_1_13' title='bbox 875 428 972 495; x_wconf 77' lang='grc' dir='ltr'><strong><em>αὐτοὶ</em></strong></span> <span class='ocrx_word' id='word_1_14' title='bbox 996 434 1151 509; x_wconf 87' lang='grc' dir='ltr'><strong><em>παίοντες</em></strong></span> 
     </span>
     <span class='ocr_line' id='line_1_4' title="bbox 133 535 1151 622; baseline 0 -20"><span class='ocrx_word' id='word_1_15' title='bbox 133 537 345 620; x_wconf 83' lang='grc' dir='ltr'><strong><em>ἀπήλαυνον,</em></strong></span> <span class='ocrx_word' id='word_1_16' title='bbox 378 535 434 600; x_wconf 87' lang='grc' dir='ltr'><strong><em>καί</em></strong></span> <span class='ocrx_word' id='word_1_17' title='bbox 466 537 543 601; x_wconf 79' lang='grc' dir='ltr'><strong><em>οὔτε</em></strong></span> <span class='ocrx_word' id='word_1_18' title='bbox 577 535 703 601; x_wconf 77' lang='grc' dir='ltr'><strong><em>ἱππέων</em></strong></span> <span class='ocrx_word' id='word_1_19' title='bbox 735 537 812 601; x_wconf 86' lang='grc' dir='ltr'><strong><em>ούτε</em></strong></span> <span class='ocrx_word' id='word_1_20' title='bbox 843 541 1043 622; x_wconf 82' lang='grc' dir='ltr'><strong><em>πατρικίων,</em></strong></span> <span class='ocrx_word' id='word_1_21' title='bbox 1078 539 1151 604; x_wconf 84' lang='grc' dir='ltr'><strong><em>ὅσοι</em></strong></span> 
     </span>
     <span class='ocr_line' id='line_1_5' title="bbox 133 641 1150 728; baseline 0.001 -20"><span class='ocrx_word' id='word_1_22' title='bbox 133 646 295 727; x_wconf 90' lang='grc' dir='ltr'><strong><em>παρόντες</em></strong></span> <span class='ocrx_word' id='word_1_23' title='bbox 322 644 363 707; x_wconf 88' lang='grc' dir='ltr'><strong><em>τά</em></strong></span> <span class='ocrx_word' id='word_1_24' title='bbox 389 644 550 726; x_wconf 78' lang='grc' dir='ltr'><strong><em>γινόμενα</em></strong></span> <span class='ocrx_word' id='word_1_25' title='bbox 578 643 721 707; x_wconf 78' lang='grc' dir='ltr'><strong><em>κωλύειν</em></strong></span> <span class='ocrx_word' id='word_1_26' title='bbox 744 641 875 725; x_wconf 79' lang='grc' dir='ltr'><strong><em>ἠξίουν,</em></strong></span> <span class='ocrx_word' id='word_1_27' title='bbox 904 642 1083 728; x_wconf 74' lang='grc' dir='ltr'><strong><em>ἀπείχοπο</em></strong></span> <span class='ocrx_word' id='word_1_28' title='bbox 1107 645 1150 728; x_wconf 82' lang='grc' dir='ltr'><strong><em>μὴ</em></strong></span> 
     </span>
     <span class='ocr_line' id='line_1_6' title="bbox 106 746 1151 835; baseline 0.004 -23"><span class='ocrx_word' id='word_1_29' title='bbox 106 749 175 814; x_wconf 76' lang='grc' dir='ltr'><strong><em>εού</em></strong></span> <span class='ocrx_word' id='word_1_30' title='bbox 202 753 328 814; x_wconf 85' lang='grc' dir='ltr'><strong><em>παίειν·</em></strong></span> <span class='ocrx_word' id='word_1_31' title='bbox 360 747 417 813; x_wconf 79' lang='grc' dir='ltr'><strong><em>καὶ</em></strong></span> <span class='ocrx_word' id='word_1_32' title='bbox 440 746 484 812; x_wconf 75' lang='grc' dir='ltr'><strong><em>δι’</em></strong></span> <span class='ocrx_word' id='word_1_33' title='bbox 508 748 626 831; x_wconf 82' lang='grc' dir='ltr'><strong><em>ὀλίγον</em></strong></span> <span class='ocrx_word' id='word_1_34' title='bbox 647 757 737 812; x_wconf 85' lang='grc' dir='ltr'><strong><em>πᾶσα</em></strong></span> <span class='ocrx_word' id='word_1_35' title='bbox 758 747 780 831; x_wconf 84' lang='grc' dir='ltr'><strong><em>ἡ</em></strong></span> <span class='ocrx_word' id='word_1_36' title='bbox 803 750 900 825; x_wconf 80' lang='grc' dir='ltr'><strong><em>πόλις</em></strong></span> <span class='ocrx_word' id='word_1_37' title='bbox 922 746 965 832; x_wconf 79' lang='grc' dir='ltr'><strong><em>ἦν</em></strong></span> <span class='ocrx_word' id='word_1_38' title='bbox 989 750 1151 835; x_wconf 82' lang='grc' dir='ltr'><strong><em>ἀκοσμίας</em></strong></span> 
     </span>
     <span class='ocr_line' id='line_1_7' title="bbox 133 850 1201 941; baseline -0.004 -21"><span class='ocrx_word' id='word_1_39' title='bbox 133 857 261 941; x_wconf 81' lang='grc' dir='ltr'><strong><em>πλήρης</em></strong></span> <span class='ocrx_word' id='word_1_40' title='bbox 282 853 338 920; x_wconf 84' lang='grc' dir='ltr'><strong><em>καί</em></strong></span> <span class='ocrx_word' id='word_1_41' title='bbox 361 856 524 941; x_wconf 74' lang='grc' dir='ltr'><strong><em>θορύβου.</em></strong></span> <span class='ocrx_word' id='word_1_42' title='bbox 570 855 637 938; x_wconf 82' lang='grc' dir='ltr'><strong><em>ἀμα</em></strong></span> <span class='ocrx_word' id='word_1_43' title='bbox 661 850 699 918; x_wconf 75' lang='grc' dir='ltr'><strong><em>δέ</em></strong></span> <span class='ocrx_word' id='word_1_44' title='bbox 719 862 760 938; x_wconf 75' lang='grc' dir='ltr'><strong><em>τῇ</em></strong></span> <span class='ocrx_word' id='word_1_45' title='bbox 783 854 896 920; x_wconf 79' lang='grc' dir='ltr'><strong><em>στάσει</em></strong></span> <span class='ocrx_word' id='word_1_46' title='bbox 918 864 959 940; x_wconf 79' lang='grc' dir='ltr'><strong><em>τῃ</em></strong></span> <span class='ocrx_word' id='word_1_47' title='bbox 983 857 1068 921; x_wconf 84' lang='grc' dir='ltr'><strong><em>κατά</em></strong></span> <span class='ocrx_word' id='word_1_48' title='bbox 1090 858 1201 940; x_wconf 75' lang='grc' dir='ltr'><strong><em>τηνῖιιι</em></strong></span> 
     </span>
     <span class='ocr_line' id='line_1_8' title="bbox 134 958 1152 1048; baseline 0 -21"><span class='ocrx_word' id='word_1_49' title='bbox 134 965 233 1027; x_wconf 92' lang='grc' dir='ltr'><strong><em>πόλιν</em></strong></span> <span class='ocrx_word' id='word_1_50' title='bbox 252 959 417 1046; x_wconf 77' lang='grc' dir='ltr'><strong><em>αὐξομένῃ</em></strong></span> <span class='ocrx_word' id='word_1_51' title='bbox 436 958 491 1024; x_wconf 84' lang='grc' dir='ltr'><strong><em>καί</em></strong></span> <span class='ocrx_word' id='word_1_52' title='bbox 510 961 550 1024; x_wconf 81' lang='grc' dir='ltr'><strong><em>τὰ</em></strong></span> <span class='ocrx_word' id='word_1_53' title='bbox 567 970 635 1024; x_wconf 81' lang='grc' dir='ltr'><strong><em>τῶν</em></strong></span> <span class='ocrx_word' id='word_1_54' title='bbox 653 963 821 1043; x_wconf 91' lang='grc' dir='ltr'><strong><em>πολεμίων</em></strong></span> <span class='ocrx_word' id='word_1_55' title='bbox 839 963 923 1043; x_wconf 84' lang='grc' dir='ltr'><strong><em>πρὸς</em></strong></span> <span class='ocrx_word' id='word_1_56' title='bbox 935 964 1152 1048; x_wconf 76' lang='grc' dir='ltr'><strong><em>καταδρομὴν</em></strong></span> 
     </span>
     <span class='ocr_line' id='line_1_9' title="bbox 133 1065 1152 1154; baseline 0.001 -21"><span class='ocrx_word' id='word_1_57' title='bbox 133 1070 446 1154; x_wconf 77' lang='grc' dir='ltr'><strong><em>παρασκευαζόμενα</em></strong></span> <span class='ocrx_word' id='word_1_58' title='bbox 465 1069 562 1151; x_wconf 81' lang='grc' dir='ltr'><strong><em>μείζω</em></strong></span> <span class='ocrx_word' id='word_1_59' title='bbox 580 1067 643 1148; x_wconf 76' lang='grc' dir='ltr'><strong><em>τὴν</em></strong></span> <span class='ocrx_word' id='word_1_60' title='bbox 661 1065 814 1131; x_wconf 76' lang='grc' dir='ltr'><strong><em>ἐπίδοσιν</em></strong></span> <span class='ocrx_word' id='word_1_61' title='bbox 832 1065 1028 1151; x_wconf 85' lang='grc' dir='ltr'><strong><em>έλάμβανεν.</em></strong></span> <span class='ocrx_word' id='word_1_62' title='bbox 1064 1070 1152 1134; x_wconf 87' lang='grc' dir='ltr'><strong><em>Θύο-</em></strong></span> 
     </span>
     <span class='ocr_line' id='line_1_10' title="bbox 134 1170 1152 1256; baseline 0.003 -17"><span class='ocrx_word' id='word_1_63' title='bbox 134 1175 288 1240; x_wconf 89' lang='grc' dir='ltr'><strong><em>λούσκων</em></strong></span> <span class='ocrx_word' id='word_1_64' title='bbox 311 1170 349 1238; x_wconf 75' lang='grc' dir='ltr'><strong><em>δέ</em></strong></span> <span class='ocrx_word' id='word_1_65' title='bbox 370 1174 472 1238; x_wconf 85' lang='grc' dir='ltr'><strong><em>πόλιν</em></strong></span> <span class='ocrx_word' id='word_1_66' title='bbox 495 1171 679 1236; x_wconf 89' lang='grc' dir='ltr'><strong><em>ἀπόστασιν</em></strong></span> <span class='ocrx_word' id='word_1_67' title='bbox 702 1171 981 1256; x_wconf 78' lang='grc' dir='ltr'><strong><em>βουλευσαμένων</em></strong></span> <span class='ocrx_word' id='word_1_68' title='bbox 1003 1173 1061 1239; x_wconf 85' lang='grc' dir='ltr'><strong><em>καί</em></strong></span> <span class='ocrx_word' id='word_1_69' title='bbox 1083 1187 1152 1242; x_wconf 83' lang='grc' dir='ltr'><strong><em>τῶν</em></strong></span> 
     </span>
     <span class='ocr_line' id='line_1_11' title="bbox 95 1279 1153 1364; baseline 0.002 -20"><span class='ocrx_word' id='word_1_70' title='bbox 95 1304 121 1345; x_wconf 80' lang='grc' dir='ltr'><strong><em>ιο</em></strong></span> <span class='ocrx_word' id='word_1_71' title='bbox 134 1279 350 1363; x_wconf 87' lang='grc' dir='ltr'><strong><em>καλουμένων</em></strong></span> <span class='ocrx_word' id='word_1_72' title='bbox 373 1280 532 1343; x_wconf 82' lang='grc' dir='ltr'><strong><em>Αἰκανῶν</em></strong></span> <span class='ocrx_word' id='word_1_73' title='bbox 559 1281 718 1364; x_wconf 91' lang='grc' dir='ltr'><strong><em>πρεσβεία</em></strong></span> <span class='ocrx_word' id='word_1_74' title='bbox 746 1282 807 1360; x_wconf 92' lang='grc' dir='ltr'><strong><em>[τε]</em></strong></span> <span class='ocrx_word' id='word_1_75' title='bbox 837 1279 900 1346; x_wconf 83' lang='grc' dir='ltr'><strong><em>ἀπὸ</em></strong></span> <span class='ocrx_word' id='word_1_76' title='bbox 923 1281 1061 1346; x_wconf 79' lang='grc' dir='ltr'><strong><em>πάντων</em></strong></span> <span class='ocrx_word' id='word_1_77' title='bbox 1083 1292 1153 1346; x_wconf 82' lang='grc' dir='ltr'><strong><em>τῶν</em></strong></span> 
     </span>
     <span class='ocr_line' id='line_1_12' title="bbox 129 1381 1152 1473; baseline 0.003 -23"><span class='ocrx_word' id='word_1_78' title='bbox 129 1381 300 1469; x_wconf 88' lang='grc' dir='ltr'><strong><em>Ῥωμαίοις</em></strong></span> <span class='ocrx_word' id='word_1_79' title='bbox 322 1385 480 1468; x_wconf 78' lang='grc' dir='ltr'><strong><em>ὑπηκόων</em></strong></span> <span class='ocrx_word' id='word_1_80' title='bbox 501 1394 612 1469; x_wconf 79' lang='grc' dir='ltr'><strong><em>παρῆν</em></strong></span> <span class='ocrx_word' id='word_1_81' title='bbox 636 1383 820 1463; x_wconf 83' lang='grc' dir='ltr'><strong><em>ἀξιούντων</em></strong></span> <span class='ocrx_word' id='word_1_82' title='bbox 843 1388 940 1471; x_wconf 91' lang='grc' dir='ltr'><strong><em>σφίσι</em></strong></span> <span class='ocrx_word' id='word_1_83' title='bbox 962 1399 1152 1473; x_wconf 80' lang='grc' dir='ltr'><strong><em>συμμαχεῖν</em></strong></span> 
     </span>
     <span class='ocr_line' id='line_1_13' title="bbox 98 1490 1152 1580; baseline 0.001 -23"><span class='ocrx_word' id='word_1_84' title='bbox 98 1491 172 1564; x_wconf 90' lang='grc' dir='ltr'><strong><em>4έν</em></strong></span> <span class='ocrx_word' id='word_1_85' title='bbox 203 1495 306 1579; x_wconf 85' lang='grc' dir='ltr'><strong><em>τρίβφ</em></strong></span> <span class='ocrx_word' id='word_1_86' title='bbox 339 1501 400 1557; x_wconf 87' lang='grc' dir='ltr'><strong><em>τοῦ</em></strong></span> <span class='ocrx_word' id='word_1_87' title='bbox 433 1490 582 1575; x_wconf 86' lang='grc' dir='ltr'><strong><em>πολέμου</em></strong></span> <span class='ocrx_word' id='word_1_88' title='bbox 608 1491 780 1576; x_wconf 86' lang='grc' dir='ltr'><strong><em>κειμένοις.</em></strong></span> <span class='ocrx_word' id='word_1_89' title='bbox 827 1496 968 1558; x_wconf 87' lang='grc' dir='ltr'><strong><em>Λατῖνοι</em></strong></span> <span class='ocrx_word' id='word_1_90' title='bbox 995 1490 1060 1576; x_wconf 71' lang='grc' dir='ltr'><strong><em>μὲν</em></strong></span> <span class='ocrx_word' id='word_1_91' title='bbox 1086 1495 1152 1580; x_wconf 78' lang='grc' dir='ltr'><strong><em>γὰρ</em></strong></span> 
     </span>
     <span class='ocr_line' id='line_1_14' title="bbox 135 1599 1152 1685; baseline 0.001 -21"><span class='ocrx_word' id='word_1_92' title='bbox 135 1601 282 1683; x_wconf 80' lang='grc' dir='ltr'><strong><em>ἔφασκον</em></strong></span> <span class='ocrx_word' id='word_1_93' title='bbox 305 1601 475 1675; x_wconf 87' lang='grc' dir='ltr'><strong><em>Αἰκανοὺς</em></strong></span> <span class='ocrx_word' id='word_1_94' title='bbox 502 1599 707 1683; x_wconf 89' lang='grc' dir='ltr'><strong><em>έμβαλόντας</em></strong></span> <span class='ocrx_word' id='word_1_95' title='bbox 733 1601 781 1674; x_wconf 90' lang='grc' dir='ltr'><strong><em>εἰς</em></strong></span> <span class='ocrx_word' id='word_1_96' title='bbox 807 1599 869 1682; x_wconf 84' lang='grc' dir='ltr'><strong><em>την</em></strong></span> <span class='ocrx_word' id='word_1_97' title='bbox 895 1600 1009 1685; x_wconf 82' lang='grc' dir='ltr'><strong><em>χώραν</em></strong></span> <span class='ocrx_word' id='word_1_98' title='bbox 1039 1599 1152 1665; x_wconf 76' lang='grc' dir='ltr'><strong><em>αὐτῶν</em></strong></span> 
     </span>
     <span class='ocr_line' id='line_1_15' title="bbox 134 1703 1151 1790; baseline 0 -19"><span class='ocrx_word' id='word_1_99' title='bbox 134 1711 305 1790; x_wconf 80' lang='grc' dir='ltr'><strong><em>λεηλατεῖν</em></strong></span> <span class='ocrx_word' id='word_1_100' title='bbox 331 1708 411 1783; x_wconf 88' lang='grc' dir='ltr'><strong><em>τοὺς</em></strong></span> <span class='ocrx_word' id='word_1_101' title='bbox 433 1705 558 1790; x_wconf 79' lang='grc' dir='ltr'><strong><em>ἀγρούς</em></strong></span> <span class='ocrx_word' id='word_1_102' title='bbox 582 1704 731 1788; x_wconf 83' lang='grc' dir='ltr'><strong><em>[αύτῶν,]</em></strong></span> <span class='ocrx_word' id='word_1_103' title='bbox 756 1703 812 1769; x_wconf 86' lang='grc' dir='ltr'><strong><em>καί</em></strong></span> <span class='ocrx_word' id='word_1_104' title='bbox 834 1707 946 1781; x_wconf 90' lang='grc' dir='ltr'><strong><em>πόλεις</em></strong></span> <span class='ocrx_word' id='word_1_105' title='bbox 967 1707 1064 1782; x_wconf 85' lang='grc' dir='ltr'><strong><em>τινὰς</em></strong></span> <span class='ocrx_word' id='word_1_106' title='bbox 1085 1707 1151 1790; x_wconf 74' lang='grc' dir='ltr'><strong><em>ἥβη</em></strong></span> 
     </span>
     <span class='ocr_line' id='line_1_16' title="bbox 96 1809 1152 1899; baseline 0 -23"><span class='ocrx_word' id='word_1_107' title='bbox 96 1836 122 1876; x_wconf 80' lang='lat'><strong><em>15</em></strong></span> <span class='ocrx_word' id='word_1_108' title='bbox 137 1811 366 1898; x_wconf 76' lang='grc' dir='ltr'><strong><em>διηρπακέναι·</em></strong></span> <span class='ocrx_word' id='word_1_109' title='bbox 400 1812 435 1877; x_wconf 88' lang='grc' dir='ltr'><strong><em>οἰ</em></strong></span> <span class='ocrx_word' id='word_1_110' title='bbox 452 1809 482 1876; x_wconf 76' lang='grc' dir='ltr'><strong><em>δ’</em></strong></span> <span class='ocrx_word' id='word_1_111' title='bbox 501 1811 538 1876; x_wconf 83' lang='grc' dir='ltr'><strong><em>ἐν</em></strong></span> <span class='ocrx_word' id='word_1_112' title='bbox 550 1814 824 1899; x_wconf 78' lang='grc' dir='ltr'><strong><em>Κρουστομερείᾳ</em></strong></span> <span class='ocrx_word' id='word_1_113' title='bbox 842 1809 989 1897; x_wconf 91' lang='grc' dir='ltr'><strong><em>φρουροί</em></strong></span> <span class='ocrx_word' id='word_1_114' title='bbox 1006 1815 1152 1895; x_wconf 89' lang='grc' dir='ltr'><strong><em>πλησίον</em></strong></span> 
     </span>
     <span class='ocr_line' id='line_1_17' title="bbox 136 1914 1152 2003; baseline 0.001 -20"><span class='ocrx_word' id='word_1_115' title='bbox 136 1914 222 1984; x_wconf 87' lang='grc' dir='ltr'><strong><em>εἰναι</em></strong></span> <span class='ocrx_word' id='word_1_116' title='bbox 253 1922 425 2002; x_wconf 87' lang='grc' dir='ltr'><strong><em>Σαβίνους</em></strong></span> <span class='ocrx_word' id='word_1_117' title='bbox 457 1918 701 2002; x_wconf 89' lang='grc' dir='ltr'><strong><em>ἀποφαίνοντες</em></strong></span> <span class='ocrx_word' id='word_1_118' title='bbox 732 1915 788 1982; x_wconf 89' lang='grc' dir='ltr'><strong><em>καί</em></strong></span> <span class='ocrx_word' id='word_1_119' title='bbox 818 1923 924 2002; x_wconf 78' lang='grc' dir='ltr'><strong><em>πολλῃ</em></strong></span> <span class='ocrx_word' id='word_1_120' title='bbox 956 1917 1152 2003; x_wconf 75' lang='grc' dir='ltr'><strong><em>χρωμένους</em></strong></span> 
     </span>
     <span class='ocr_line' id='line_1_18' title="bbox 134 2022 1150 2112; baseline 0 -22"><span class='ocrx_word' id='word_1_121' title='bbox 134 2028 309 2112; x_wconf 81' lang='grc' dir='ltr'><strong><em>προθυμία</em></strong></span> <span class='ocrx_word' id='word_1_122' title='bbox 340 2026 378 2090; x_wconf 87' lang='grc' dir='ltr'><strong><em>τὸ</em></strong></span> <span class='ocrx_word' id='word_1_123' title='bbox 411 2025 579 2109; x_wconf 90' lang='grc' dir='ltr'><strong><em>φρούριον</em></strong></span> <span class='ocrx_word' id='word_1_124' title='bbox 606 2029 778 2108; x_wconf 89' lang='grc' dir='ltr'><strong><em>πολεμεῖν·</em></strong></span> <span class='ocrx_word' id='word_1_125' title='bbox 817 2025 912 2089; x_wconf 86' lang='grc' dir='ltr'><strong><em>ἀλλοι</em></strong></span> <span class='ocrx_word' id='word_1_126' title='bbox 940 2022 980 2088; x_wconf 81' lang='grc' dir='ltr'><strong><em>δέ</em></strong></span> <span class='ocrx_word' id='word_1_127' title='bbox 1006 2047 1039 2088; x_wconf 89' lang='grc' dir='ltr'><strong><em>τι</em></strong></span> <span class='ocrx_word' id='word_1_128' title='bbox 1069 2027 1150 2091; x_wconf 83' lang='grc' dir='ltr'><strong><em>ἀλλο</em></strong></span> 
     </span>
     <span class='ocr_line' id='line_1_19' title="bbox 135 2129 1151 2215; baseline 0.002 -20"><span class='ocrx_word' id='word_1_129' title='bbox 135 2134 238 2198; x_wconf 89' lang='grc' dir='ltr'><strong><em>κακὸν</em></strong></span> <span class='ocrx_word' id='word_1_130' title='bbox 262 2130 524 2215; x_wconf 80' lang='grc' dir='ltr'><strong><em>ἀπαγγέλλοντες</em></strong></span> <span class='ocrx_word' id='word_1_131' title='bbox 547 2132 686 2214; x_wconf 80' lang='grc' dir='ltr'><strong><em>γεγονὸς</em></strong></span> <span class='ocrx_word' id='word_1_132' title='bbox 709 2130 729 2214; x_wconf 71' lang='grc' dir='ltr'><em>ἢ</em></span> <span class='ocrx_word' id='word_1_133' title='bbox 753 2132 979 2215; x_wconf 80' lang='grc' dir='ltr'><strong><em>γενησόμενον</em></strong></span> <span class='ocrx_word' id='word_1_134' title='bbox 997 2129 1055 2195; x_wconf 81' lang='grc' dir='ltr'><strong><em>καὶ</em></strong></span> <span class='ocrx_word' id='word_1_135' title='bbox 1073 2134 1151 2214; x_wconf 83' lang='grc' dir='ltr'><strong><em>βοή-</em></strong></span> 
     </span>
     <span class='ocr_line' id='line_1_20' title="bbox 135 2235 1150 2323; baseline 0 -21"><span class='ocrx_word' id='word_1_136' title='bbox 135 2244 234 2303; x_wconf 75' lang='grc' dir='ltr'><strong><em>θειαν</em></strong></span> <span class='ocrx_word' id='word_1_137' title='bbox 258 2239 314 2302; x_wconf 77' lang='grc' dir='ltr'><strong><em>διὰ</em></strong></span> <span class='ocrx_word' id='word_1_138' title='bbox 336 2236 463 2323; x_wconf 87' lang='grc' dir='ltr'><strong><em>ταχέων</em></strong></span> <span class='ocrx_word' id='word_1_139' title='bbox 486 2239 706 2321; x_wconf 90' lang='grc' dir='ltr'><strong><em>αἰτησόμενοι.</em></strong></span> <span class='ocrx_word' id='word_1_140' title='bbox 743 2235 1017 2321; x_wconf 65' lang='grc' dir='ltr'><strong><em>παρεγένοντοιί</em></strong></span> <span class='ocrx_word' id='word_1_141' title='bbox 1042 2236 1096 2302; x_wconf 86' lang='grc' dir='ltr'><strong><em>έπί</em></strong></span> <span class='ocrx_word' id='word_1_142' title='bbox 1114 2238 1150 2302; x_wconf 88' lang='grc' dir='ltr'><strong><em>τὸ</em></strong></span> 
     </span>
     <span class='ocr_line' id='line_1_21' title="bbox 95 2342 1201 2430; baseline 0.002 -22"><span class='ocrx_word' id='word_1_143' title='bbox 95 2342 314 2430; x_wconf 78' lang='grc' dir='ltr'><strong><em>ιοσυυέόριον</em></strong></span> <span class='ocrx_word' id='word_1_144' title='bbox 340 2343 396 2409; x_wconf 82' lang='grc' dir='ltr'><strong><em>καὶ</em></strong></span> <span class='ocrx_word' id='word_1_145' title='bbox 421 2342 498 2427; x_wconf 88' lang='grc' dir='ltr'><strong><em>παρ’</em></strong></span> <span class='ocrx_word' id='word_1_146' title='bbox 527 2343 751 2409; x_wconf 85' lang='grc' dir='ltr'><strong><em>Οὐολούσκων</em></strong></span> <span class='ocrx_word' id='word_1_147' title='bbox 778 2343 946 2428; x_wconf 85' lang='grc' dir='ltr'><strong><em>πρέσβεις,</em></strong></span> <span class='ocrx_word' id='word_1_148' title='bbox 980 2342 1201 2422; x_wconf 66' lang='grc' dir='ltr'><strong><em>ἀξιοῦντεςῙΙλῑ</em></strong></span> 
     </span>
     <span class='ocr_line' id='line_1_22' title="bbox 135 2445 1150 2537; baseline 0.001 -23"><span class='ocrx_word' id='word_1_149' title='bbox 135 2450 316 2534; x_wconf 89' lang='grc' dir='ltr'><strong><em>ἀπολαβεῖν</em></strong></span> <span class='ocrx_word' id='word_1_150' title='bbox 347 2450 391 2535; x_wconf 81' lang='grc' dir='ltr'><strong><em>ἣν</em></strong></span> <span class='ocrx_word' id='word_1_151' title='bbox 423 2448 644 2536; x_wconf 77' lang='grc' dir='ltr'><strong><em>ἀφῃρέθησαν</em></strong></span> <span class='ocrx_word' id='word_1_152' title='bbox 675 2445 732 2514; x_wconf 87' lang='grc' dir='ltr'><strong><em>ὑπ’</em></strong></span> <span class='ocrx_word' id='word_1_153' title='bbox 766 2449 877 2514; x_wconf 82' lang='grc' dir='ltr'><strong><em>αὐτῶν</em></strong></span> <span class='ocrx_word' id='word_1_154' title='bbox 908 2450 1038 2533; x_wconf 84' lang='grc' dir='ltr'><strong><em>χώραν,</em></strong></span> <span class='ocrx_word' id='word_1_155' title='bbox 1072 2449 1150 2537; x_wconf 80' lang='grc' dir='ltr'><strong><em>πρὶν</em></strong></span> 
     </span>
     <span class='ocr_line' id='line_1_23' title="bbox 135 2556 479 2643; baseline 0 -22"><span class='ocrx_word' id='word_1_156' title='bbox 135 2556 301 2643; x_wconf 74' lang='grc' dir='ltr'><strong><em>ἄρξασθαι</em></strong></span> <span class='ocrx_word' id='word_1_157' title='bbox 323 2556 479 2643; x_wconf 91' lang='grc' dir='ltr'><strong><em>πολέμου.</em></strong></span> 
     </span>
     <span class='ocr_line' id='line_1_24' title="bbox 201 2658 1151 2749; baseline 0.002 -22"><span class='ocrx_word' id='word_1_158' title='bbox 201 2662 335 2729; x_wconf 88' lang='lat' dir='ltr'>XXXV.</span> <span class='ocrx_word' id='word_1_159' title='bbox 358 2665 596 2749; x_wconf 76' lang='grc' dir='ltr'><strong><em>Συναχβείσης</em></strong></span> <span class='ocrx_word' id='word_1_160' title='bbox 620 2658 657 2727; x_wconf 70' lang='grc' dir='ltr'><strong><em>δὲ</em></strong></span> <span class='ocrx_word' id='word_1_161' title='bbox 679 2659 756 2747; x_wconf 82' lang='grc' dir='ltr'><strong><em>περὶ</em></strong></span> <span class='ocrx_word' id='word_1_162' title='bbox 774 2663 896 2726; x_wconf 88' lang='grc' dir='ltr'><strong><em>τούτου</em></strong></span> <span class='ocrx_word' id='word_1_163' title='bbox 915 2665 1053 2747; x_wconf 76' lang='grc' dir='ltr'><strong><em>βουλῆς,</em></strong></span> <span class='ocrx_word' id='word_1_164' title='bbox 1075 2668 1151 2747; x_wconf 90' lang='grc' dir='ltr'><strong><em>κλη-</em></strong></span> 
     </span>
    </p>
   </div>
   <div class='ocr_carea' id='block_1_3' title="bbox 136 2852 1150 3494">
    <p class='ocr_par' dir='ltr' id='par_1_3' title="bbox 136 2852 1150 3494">
     <span class='ocr_line' id='line_1_25' title="bbox 208 2852 1150 2959; baseline 0.003 -53"><span class='ocrx_word' id='word_1_165' title='bbox 208 2854 336 2959; x_wconf 49' lang='lat' dir='ltr'><strong><em>minoz)</em></strong></span> <span class='ocrx_word' id='word_1_166' title='bbox 356 2856 485 2911; x_wconf 81' lang='grc' dir='ltr'><strong><em>αἰτοῦο.</em></strong></span> <span class='ocrx_word' id='word_1_167' title='bbox 506 2855 670 2909; x_wconf 75' lang='lat' dir='ltr'>dubitanter</span> <span class='ocrx_word' id='word_1_168' title='bbox 686 2852 832 2922; x_wconf 82' lang='lat' dir='ltr'>Kiessling</span> <span class='ocrx_word' id='word_1_169' title='bbox 893 2859 979 2909; x_wconf 81' lang='grc' dir='ltr'><strong><em>4τοῖι</em></strong></span> <span class='ocrx_word' id='word_1_170' title='bbox 998 2854 1150 2924; x_wconf 78' lang='grc' dir='ltr'><strong><em>μὴπαίειν</em></strong></span> 
     </span>
     <span class='ocr_line' id='line_1_26' title="bbox 137 2875 1150 2995; baseline 0.002 -19"><span class='ocrx_word' id='word_1_171' title='bbox 137 2924 161 2976; x_wconf 94' lang='grc' dir='ltr'>Β</span> <span class='ocrx_word' id='word_1_172' title='bbox 217 2930 231 2978; x_wconf 79' lang='grc'><strong>7</strong></span> <span class='ocrx_word' id='word_1_173' title='bbox 251 2941 302 2993; x_wconf 85' lang='lat' dir='ltr'><strong><em>pro</em></strong></span> <span class='ocrx_word' id='word_1_174' title='bbox 338 2925 516 2995; x_wconf 80' lang='grc' dir='ltr'><strong><em>κατασκευὴν</em></strong></span> <span class='ocrx_word' id='word_1_175' title='bbox 527 2925 649 2995; x_wconf 83' lang='lat' dir='ltr'><strong>Sylburg</strong></span> <span class='ocrx_word' id='word_1_176' title='bbox 667 2922 823 2979; x_wconf 87' lang='grc' dir='ltr'><strong><em>ἀπόστασιν</em></strong></span> <span class='ocrx_word' id='word_1_177' title='bbox 836 2925 883 2977; x_wconf 84' lang='lat' dir='ltr'><strong><em>vel</em></strong></span> <span class='ocrx_word' id='word_1_178' title='bbox 893 2875 1033 2994; x_wconf 60' lang='grc' dir='ltr'><strong><em>ἐπίθεσιν</em></strong></span> <span class='ocrx_word' id='word_1_179' title='bbox 1048 2925 1150 2980; x_wconf 76' lang='lat' dir='ltr'>Roiske</span> 
     </span>
     <span class='ocr_line' id='line_1_27' title="bbox 136 2991 1150 3066; baseline 0.001 -16"><span class='ocrx_word' id='word_1_180' title='bbox 136 2991 311 3064; x_wconf 76' lang='grc' dir='ltr'><strong><em>κατάπληξιν</em></strong></span> <span class='ocrx_word' id='word_1_181' title='bbox 331 2997 412 3052; x_wconf 82' lang='lat' dir='ltr'>scrib.</span> <span class='ocrx_word' id='word_1_182' title='bbox 429 3014 490 3052; x_wconf 79' lang='lat' dir='ltr'>esse</span> <span class='ocrx_word' id='word_1_183' title='bbox 504 2999 608 3065; x_wconf 77' lang='lat' dir='ltr'>censet,</span> <span class='ocrx_word' id='word_1_184' title='bbox 627 2995 809 3066; x_wconf 79' lang='grc' dir='ltr'><strong><em>καταδρομὴν</em></strong></span> <span class='ocrx_word' id='word_1_185' title='bbox 832 3011 885 3065; x_wconf 82' lang='lat' dir='ltr'><strong><em>ego</em></strong></span> <span class='ocrx_word' id='word_1_186' title='bbox 922 3014 1150 3065; x_wconf 84' lang='grc' dir='ltr'><strong><em>προκατασκευα-</em></strong></span> 
     </span>
     <span class='ocr_line' id='line_1_28' title="bbox 137 3063 1149 3146; baseline 0 -26"><span class='ocrx_word' id='word_1_187' title='bbox 137 3063 241 3146; x_wconf 70' lang='grc' dir='ltr'><strong><em>ζόμενα</em></strong></span> <span class='ocrx_word' id='word_1_188' title='bbox 260 3082 282 3123; x_wconf 88' lang='grc' dir='ltr'><strong><em>ο.</em></strong></span> <span class='ocrx_word' id='word_1_189' title='bbox 297 3065 441 3137; x_wconf 80' lang='lat' dir='ltr'>Kiessling</span> <span class='ocrx_word' id='word_1_190' title='bbox 518 3066 584 3123; x_wconf 58' lang='lat'><strong><em>962</em></strong></span> <span class='ocrx_word' id='word_1_191' title='bbox 603 3066 735 3122; x_wconf 86' lang='grc' dir='ltr'><strong><em>πύλινΟ</em></strong></span> <span class='ocrx_word' id='word_1_192' title='bbox 771 3085 802 3121; x_wconf 86' lang='grc' dir='ltr'><strong><em>τε</em></strong></span> <span class='ocrx_word' id='word_1_193' title='bbox 820 3086 849 3120; x_wconf 93' lang='grc' dir='ltr'><strong><em>π.</em></strong></span> <span class='ocrx_word' id='word_1_194' title='bbox 868 3065 1014 3135; x_wconf 77' lang='lat' dir='ltr'>Kiessling</span> <span class='ocrx_word' id='word_1_195' title='bbox 994 3067 1104 3138; x_wconf 72' lang='grc' dir='ltr'><strong><em>ςρόιρ</em></strong></span> <span class='ocrx_word' id='word_1_196' title='bbox 1122 3085 1149 3120; x_wconf 90' lang='grc' dir='ltr'><strong><em>π.</em></strong></span> 
     </span>
     <span class='ocr_line' id='line_1_29' title="bbox 136 3135 1150 3219; baseline -0.002 -27"><span class='ocrx_word' id='word_1_197' title='bbox 136 3135 239 3192; x_wconf 82' lang='lat' dir='ltr'>Reiske</span> <span class='ocrx_word' id='word_1_198' title='bbox 295 3144 328 3192; x_wconf 90' lang='lat'><strong><em>10</em></strong></span> <span class='ocrx_word' id='word_1_199' title='bbox 346 3141 413 3208; x_wconf 75' lang='lat' dir='ltr'>posi</span> <span class='ocrx_word' id='word_1_200' title='bbox 430 3136 560 3219; x_wconf 82' lang='grc' dir='ltr'><strong><em>Αἰκανῶν</em></strong></span> <span class='ocrx_word' id='word_1_201' title='bbox 578 3138 744 3205; x_wconf 73' lang='lat' dir='ltr'><strong><em>lacunam,¹</em></strong></span> <span class='ocrx_word' id='word_1_202' title='bbox 736 3155 767 3191; x_wconf 87' lang='lat' dir='ltr'><strong>m</strong></span> <span class='ocrx_word' id='word_1_203' title='bbox 784 3153 857 3217; x_wconf 76' lang='lat' dir='ltr'><strong><em>qua</em></strong></span> <span class='ocrx_word' id='word_1_204' title='bbox 859 3136 1027 3192; x_wconf 78' lang='lat' dir='ltr'>Sabinorum</span> <span class='ocrx_word' id='word_1_205' title='bbox 1045 3137 1150 3192; x_wconf 76' lang='lat' dir='ltr'>mentio</span> 
     </span>
     <span class='ocr_line' id='line_1_30' title="bbox 136 3206 1150 3278; baseline -0.001 -16"><span class='ocrx_word' id='word_1_206' title='bbox 136 3208 316 3264; x_wconf 70' lang='lat' dir='ltr'>intercidisse</span> <span class='ocrx_word' id='word_1_207' title='bbox 326 3209 477 3275; x_wconf 75' lang='lat' dir='ltr'>videretur,</span> <span class='ocrx_word' id='word_1_208' title='bbox 493 3208 564 3277; x_wconf 82' lang='lat' dir='ltr'>sign</span> <span class='ocrx_word' id='word_1_209' title='bbox 575 3209 720 3278; x_wconf 77' lang='lat' dir='ltr'>Kiessling</span> <span class='ocrx_word' id='word_1_210' title='bbox 735 3213 739 3277; x_wconf 88' lang='grc' dir='ltr'>Ι</span> <span class='ocrx_word' id='word_1_211' title='bbox 755 3227 784 3263; x_wconf 86' lang='grc' dir='ltr'><strong><em>τε</em></strong></span> <span class='ocrx_word' id='word_1_212' title='bbox 794 3206 874 3261; x_wconf 82' lang='lat' dir='ltr'>uncis</span> <span class='ocrx_word' id='word_1_213' title='bbox 884 3207 995 3276; x_wconf 80' lang='lat' dir='ltr'>inclusi,</span> <span class='ocrx_word' id='word_1_214' title='bbox 1006 3209 1058 3262; x_wconf 80' lang='lat' dir='ltr'><strong><em>sed</em></strong></span> <span class='ocrx_word' id='word_1_215' title='bbox 1066 3208 1150 3264; x_wconf 78' lang='lat' dir='ltr'>verba</span> 
     </span>
     <span class='ocr_line' id='line_1_31' title="bbox 136 3278 1150 3367; baseline -0.004 -32"><span class='ocrx_word' id='word_1_216' title='bbox 136 3288 191 3335; x_wconf 83' lang='grc' dir='ltr'><strong><em>τῶν</em></strong></span> <span class='ocrx_word' id='word_1_217' title='bbox 206 3280 387 3352; x_wconf 84' lang='grc' dir='ltr'><strong><em>καλουμένων</em></strong></span> <span class='ocrx_word' id='word_1_218' title='bbox 402 3282 431 3334; x_wconf 75' lang='lat' dir='ltr'><strong><em>et</em></strong></span> <span class='ocrx_word' id='word_1_219' title='bbox 444 3299 473 3334; x_wconf 90' lang='grc' dir='ltr'><strong><em>τε</em></strong></span> <span class='ocrx_word' id='word_1_220' title='bbox 489 3281 621 3367; x_wconf 72' lang='lat' dir='ltr'>corrupta</span> <span class='ocrx_word' id='word_1_221' title='bbox 633 3279 767 3334; x_wconf 74' lang='lat' dir='ltr'>videniur</span> <span class='ocrx_word' id='word_1_222' title='bbox 822 3284 856 3331; x_wconf 83' lang='lat'><strong><em>14</em></strong></span> <span class='ocrx_word' id='word_1_223' title='bbox 871 3278 964 3334; x_wconf 71' lang='grc' dir='ltr'><strong><em>αὐτῶν</em></strong></span> <span class='ocrx_word' id='word_1_224' title='bbox 980 3279 1036 3334; x_wconf 86' lang='lat' dir='ltr'><strong><em>del</em></strong></span> <span class='ocrx_word' id='word_1_225' title='bbox 1048 3278 1150 3335; x_wconf 83' lang='lat' dir='ltr'>Reiske</span> 
     </span>
     <span class='ocr_line' id='line_1_32' title="bbox 138 3346 1149 3443; baseline -0.003 -38"><span class='ocrx_word' id='word_1_226' title='bbox 138 3358 170 3406; x_wconf 80' lang='lat'><strong><em>19</em></strong></span> <span class='ocrx_word' id='word_1_227' title='bbox 178 3350 370 3443; x_wconf 85' lang='grc' dir='ltr'><strong><em>αἰτησόμενοι</em></strong></span> <span class='ocrx_word' id='word_1_228' title='bbox 393 3348 608 3422; x_wconf 79' lang='grc' dir='ltr'><strong><em>παρεγένοντο.</em></strong></span> <span class='ocrx_word' id='word_1_229' title='bbox 627 3349 816 3421; x_wconf 73' lang='grc' dir='ltr'><strong><em>παρεγένοντο</em></strong></span> <span class='ocrx_word' id='word_1_230' title='bbox 840 3346 872 3403; x_wconf 72' lang='grc' dir='ltr'><strong><em>δὲ</em></strong></span> <span class='ocrx_word' id='word_1_231' title='bbox 897 3365 919 3404; x_wconf 90' lang='grc' dir='ltr'><strong><em>ο.</em></strong></span> <span class='ocrx_word' id='word_1_232' title='bbox 939 3349 1046 3405; x_wconf 81' lang='lat' dir='ltr'>Reiske</span> <span class='ocrx_word' id='word_1_233' title='bbox 1117 3354 1149 3404; x_wconf 81' lang='lat'><strong><em>21</em></strong></span> 
     </span>
     <span class='ocr_line' id='line_1_33' title="bbox 137 3373 917 3494; baseline -0.005 -18"><span class='ocrx_word' id='word_1_234' title='bbox 137 3419 202 3493; x_wconf 77' lang='grc' dir='ltr'><strong><em>ὑπ’]</em></strong></span> <span class='ocrx_word' id='word_1_235' title='bbox 221 3442 278 3494; x_wconf 92' lang='grc' dir='ltr'><strong><em>παρ</em></strong></span> <span class='ocrx_word' id='word_1_236' title='bbox 281 3421 333 3476; x_wconf 82' lang='grc' dir='ltr'><strong><em>’Β</em></strong></span> <span class='ocrx_word' id='word_1_237' title='bbox 406 3429 440 3477; x_wconf 84' lang='lat'><strong><em>23</em></strong></span> <span class='ocrx_word' id='word_1_238' title='bbox 459 3421 508 3476; x_wconf 85' lang='grc' dir='ltr'><strong><em>καί</em></strong></span> <span class='ocrx_word' id='word_1_239' title='bbox 527 3421 643 3490; x_wconf 81' lang='grc' dir='ltr'><strong><em>κληθείς</em></strong></span> <span class='ocrx_word' id='word_1_240' title='bbox 662 3373 685 3475; x_wconf 91' lang='grc' dir='ltr'><strong>Ο</strong></span> <span class='ocrx_word' id='word_1_241' title='bbox 704 3437 774 3477; x_wconf 83' lang='lat' dir='ltr'>corr</span> <span class='ocrx_word' id='word_1_242' title='bbox 794 3419 917 3488; x_wconf 82' lang='lat' dir='ltr'><strong>Sylburg</strong></span> 
     </span>
    </p>
   </div>
   <div class='ocr_carea' id='block_1_4' title="bbox 0 0 1212 3840">
    <p class='ocr_par' dir='ltr' id='par_1_4' title="bbox 0 0 1212 3840">
     <span class='ocr_line' id='line_1_34' title="bbox 0 0 1212 3840; baseline 0 0"><span class='ocrx_word' id='word_1_243' title='bbox 0 0 1212 3840; x_wconf 95' lang='lat' dir='ltr'><strong><em> </em></strong></span> 
     </span>
    </p>
   </div>
  </div>
 </body>
</html>
