2414 3840
448 136 452 143 .
569 179 730 230 -g-

105 346 214 420 2ναις
238 342 275 408 ἐν
296 349 337 427 τῇ
359 344 499 426 πολεμίᾳ
521 337 670 425 κατέχειν
693 340 787 424 ὑμᾶς.
824 340 1016 406 ὠνείδισται
1041 341 1080 407 δέ
1100 366 1151 426 μοι

140 447 195 514 καὶ
222 449 242 532 ἡ
269 457 338 512 τῶν
360 447 556 532 κληρούχων
580 446 627 522 είς
651 446 888 523 Οὐολούσκους
910 446 1077 532 ἐκπομπή,
1105 449 1153 513 ότι

140 563 204 637 γῆν
230 554 357 636 πολλὴν
383 549 437 617 καὶ
461 552 594 636 άγαδην
618 552 659 616 οὐ
681 561 752 628 τοῖς
774 554 958 637 πατρικίοις
982 549 1064 618 οὐδὲ
1087 565 1152 631 τοῖς

141 659 297 724 ἱππεῦσιν
315 657 529 744 ἐχαρισάμην,
550 657 633 723 ἀλλὰ
646 668 717 734 τοῖς
730 658 868 743 ἀπόροις
882 658 977 743 ὑμῶν
992 659 1152 744 διένειμα·

112 762 195 830 εκαὶ
215 764 232 831 ὃ
252 764 393 849 μάλιστά
411 788 467 848 μοι
485 765 547 847 τὴν
566 766 724 848 πλείστην
740 764 966 848 ἀγανάκτησιν
980 764 1153 852 παρέσχεν,

139 873 191 937 ὅτι
218 874 353 948 πλείους
380 871 400 954 ἢ
427 874 636 958 τετρακόσιοι
663 872 785 954 ἄνδρες
810 869 846 936 ἐκ
867 880 929 936 τοῦ
953 873 1064 956 δημου
1086 885 1154 952 τοῖς
1194 854 1197 865 ⁸

141 978 275 1044 ἱππεῦσι
302 976 613 1062 προσκατελέγησαν
641 975 694 1042 ἐπὶ
722 986 780 1060 τῆς
809 979 1049 1062 στρατολογίας
1071 983 1152 1063 βίων

103 1070 392 1170 3εύπορήσαντες.
440 1084 472 1148 εί
502 1081 563 1167 μὲν
596 1078 658 1149 οὖν
690 1082 871 1167 ἀκμάζοντί
899 1107 956 1168 μοι
987 1086 1027 1149 τὸ
1061 1093 1197 1170 σῶμαιιι]

138 1199 242 1255 ταῦτα
260 1188 458 1275 προσέπεσε,
479 1191 583 1273 δῆλον
602 1188 644 1254 άν
662 1191 748 1276 ἔργω
768 1189 906 1273 ἐποίησα
924 1199 994 1266 τοῖς
1008 1190 1152 1276 ἐχθροῖς,

99 1317 126 1355 ιο
140 1287 214 1361 οἷον
242 1297 323 1360 όντα
351 1318 390 1379 με
417 1297 526 1381 ἄνδρα
553 1295 841 1380 προύπηλάκισαν·
874 1295 987 1380 ἐπειδὴ
1012 1294 1044 1361 δ’
1072 1295 1152 1383 ὑπὲρ

139 1398 367 1485 ἑβδομήκοντα
395 1402 450 1484 ἔτη
478 1398 601 1483 γέγονα
627 1400 684 1466 καὶ
711 1402 753 1466 οὐ
768 1403 919 1481 δυνατὸς
942 1404 991 1466 ἔτι
1014 1403 1153 1488 ἀμύνειν

139 1504 246 1594 ἑαυτῷ
271 1508 338 1591 είμι
361 1506 429 1593 ὁρῶ
451 1528 498 1590 τε,
521 1508 573 1572 ὅτι
596 1507 658 1573 οὐκ
681 1506 723 1572 άν
742 1510 791 1573 ἔτι
807 1506 863 1572 ὑπ’
887 1507 970 1591 ἐμοῦ
988 1510 1151 1575 παύσαιτο

137 1611 158 1695 η
188 1614 302 1690 στάσις
328 1613 439 1698 ὑμῶν,
467 1612 667 1697 ἀποτίθεμαι
696 1614 758 1696 την
786 1613 892 1700 ἀρχὴν
918 1611 974 1678 καὶ
1002 1614 1058 1680 ἐπὶ
1086 1627 1152 1693 τοῖς

137 1716 356 1803 βουλομένοις
378 1721 416 1784 τὸ
441 1729 534 1802 σῶμα
558 1718 703 1802 ἐμαυτοῦ
725 1731 821 1803 ποιῶ,
845 1725 879 1785 εί
894 1743 926 1785 τι
945 1726 1077 1787 οἴονται
1094 1721 1146 1787 ὑπ’

97 1847 123 1887 ιε
137 1825 219 1910 ἐμοῦ
243 1824 480 1908 ἐξηπατῆσθαι,
502 1828 697 1911 χρήσασθαί
716 1849 773 1909 μοι
796 1827 847 1890 ότι
870 1825 912 1891 άν
936 1828 1100 1894 δικαιῶσι.

204 1930 367 1997 XXXXV.
396 1924 495 1996 Ταῦτ’
517 1932 621 1996 είπὼν
643 1933 680 1996 τὸ
704 1928 766 2015 μὲν
789 1934 970 2016 δημοτικὸν
994 1934 1085 2000 ἅπαν
1107 1936 1151 2010 είς

136 2038 351 2122 συμπάθειαν
373 2037 573 2120 ὑπηγάγετο,
595 2035 651 2102 καλ
673 2039 895 2123 προύπεμψαν
919 2038 1023 2104 αὐτὸν
1043 2040 1079 2105 ἐκ
1097 2049 1151 2123 τῆς

137 2144 261 2230 ἀγορᾶς
279 2142 433 2209 ἀπιόντα·
460 2144 522 2226 τὴν
541 2139 579 2208 δὲ
598 2144 725 2227 βουλὴν
744 2147 797 2210 ἐτι·
809 2143 1045 2230 χαλεπωτέραν
1065 2147 1150 2234 αὐτῷ

135 2248 296 2334 γενέσθαι
327 2250 584 2335 παρεσκεύασεν.
630 2250 735 2327 εὐθὺς
767 2247 804 2315 δὲ
836 2253 916 2334 μετὰ
945 2261 1047 2317 τοῦτο
1076 2254 1150 2317 τάδε

95 2377 122 2416 νο
136 2355 278 2440 ἐγίνετο·
311 2356 347 2420 οί
374 2353 436 2440 μὲν
465 2355 602 2440 πένητες
617 2382 619 2387 ·
633 2354 744 2421 ούκέτι
770 2359 884 2443 κρύφα
911 2356 992 2424 οὐδὲ
1020 2360 1150 2444 νύκτωρ

135 2462 181 2539 ὡς
199 2465 374 2548 πρότερον,
395 2458 467 2527 ἀλλ’
485 2461 682 2546 ἀναφανδὸν
701 2465 765 2546 ἤδη
780 2466 953 2541 συνιόντες
969 2464 1149 2548 ἐβούλευον

135 2568 319 2634 ἀπόστασιν
352 2568 388 2634 ἐκ
418 2578 487 2633 τῶν
519 2571 713 2653 πατρικίων·
751 2569 772 2652 ἡ
805 2565 842 2635 δὲ
873 2572 980 2654 βουλὴ
1008 2574 1150 2638 κωλύειν

136 2674 362 2760 διανοουμένη
381 2685 451 2752 τοῖς
468 2675 606 2751 ὑπάτοις
625 2672 757 2753 ἐπέταξε
775 2677 871 2760 μήπω
890 2677 985 2742 λύειν
999 2680 1041 2743 τά
1056 2695 1150 2766 στρα-

134 2781 287 2865 τεύματα.
336 2791 403 2846 τῶν
435 2783 498 2866 γδιρ
530 2790 633 2866 τριῶν
664 2781 839 2866 ταγμάτων
873 2779 1072 2870 <ἕκάτερος>
1104 2789 1197 2850 §mni

86 2907 120 2975 ει
134 2887 250 2972 κύριος
285 2881 328 2971 ἦν
360 2899 431 2964 τοῖς
462 2897 709 2973 στρατιωτικοῖς
741 2888 853 2973 ὅρκοις
884 2891 1151 2976 κατειργομένων

133 2991 189 3059 καὶ
213 2991 324 3071 οὐδεὶς
346 2995 586 3061 ἀπολείπεσθαι
604 3005 672 3060 τῶν
691 2997 837 3079 σημείων
855 2994 963 3079 ἠξίου·
987 3007 1150 3064 τοσοῦτον

206 3156 239 3205 12
259 3145 369 3224 ἐμαυτῷ
389 3167 412 3205 ο.
427 3149 556 3204 Hertlein
569 3149 686 3205 Hermes
701 3150 726 3204 X
744 3169 772 3220 p.
787 3156 840 3205 414
857 3152 860 3221 λ
878 3151 989 3223 όρῦνΟ
1018 3153 1074 3223 δρῶ
1090 3155 1150 3224 Syl-

132 3223 207 3291 burg
297 3229 330 3277 22
351 3217 382 3277 ἐκ
401 3228 450 3290 τῆς
467 3223 603 3290 πατρίδος
617 3239 639 3276 ο.
659 3222 797 3277 Bfieheler
818 3225 822 3289 Ι
842 3222 899 3278 ἀπὸ
918 3231 974 3277 τῶν
993 3229 1151 3296 πατρικίων

132 3310 155 3348 ο.
176 3292 266 3348 Cobet
284 3292 349 3346 Obs.
368 3309 396 3361 p.
412 3296 464 3345 120
544 3296 579 3344 24
597 3301 653 3346 τῶν
676 3293 729 3363 γὰρ
754 3291 837 3363 ἱερῶν
857 3293 880 3347 0
916 3302 972 3348 τῶν
992 3295 1046 3365 γὰρ
1065 3305 1149 3364 τριῶν

132 3380 156 3419 ο.
174 3363 303 3419 Niebuhr
320 3362 394 3417 Hist.
414 3363 494 3417 Rom.
513 3362 581 3417 tom.
595 3363 622 3416 Π
639 3368 697 3419 not.
718 3371 785 3419 1331
811 3369 815 3433 λ
839 3357 970 3433 ἑκάτερος
994 3363 1035 3419 ἔτι
1054 3368 1149 3437 κύριος

132 3450 155 3487 c.
176 3432 320 3503 Kiessling
392 3439 426 3488 25
446 3431 734 3506 στρατιω<τικ>οῖςΒ
