2400 3848
93 135 159 201 344
526 138 686 190 -ς-

92 292 270 381 Ἀντέμνας
287 300 574 381 κληρουχήσαντες
591 295 647 363 καὶ
663 297 956 385 Κρουστομέρειαν
973 296 1030 364 καὶ
1042 303 1116 364 Με-

96 405 254 469 δύλλειαν
281 402 337 468 καὶ
362 404 515 486 Φιδήνην
542 400 598 467 καὶ
626 404 721 468 άλλοι
745 407 872 488 συχνοί.
918 408 953 469 τί
974 407 1040 490 γάρ
1065 406 1118 470 δεῖ

96 511 222 587 πάντας
249 509 505 596 ἐξαριθμεῖσθαι
531 512 625 593 νυνί,
655 509 714 586 οὓς
742 510 836 595 ὑμεῖς
859 511 896 580 ἐκ
918 515 1116 598 πολιορκίας

97 615 324 700 κρατηθέντας
347 619 486 700 μετρίως
507 615 749 701 ἐνουθετήσατε
767 615 822 682 καὶ
840 622 1037 696 πολιτικῶς;
1061 615 1116 683 καὶ

76 721 159 787 εούκ
182 716 257 785 ἔσθ’
279 722 368 798 ὅπως
389 720 410 805 ή
433 722 592 798 κινδυνός
610 745 659 798 τις
678 723 734 786 διά
752 731 856 788 ταῦτα
873 723 1037 807 κατέλαβε
1055 726 1116 808 τήν

97 830 196 892 πόλιν
224 827 245 910 ή
275 830 394 911 ψόγος,
423 823 494 893 ἀλλ’
522 827 706 893 ἐπαινεῖταί
729 851 763 894 τε
791 829 886 913 ὑμῶν
913 832 953 894 τὸ
976 827 1117 908 ἐπιεικὲς

64 931 156 1003 3καί
188 931 288 1000 οὐδέν
318 935 501 1017 ήλάττωται
528 942 589 999 τοῦ
616 933 797 1019 ἀσφαλοῦς.
843 937 956 1000 ἔπειτα
986 936 1024 1000 ολ
1049 947 1116 1001 τῶν

99 1044 267 1126 πολεμίων
295 1042 490 1126 φειδόμενοι
518 1050 589 1118 τοῖς
615 1043 727 1124 φίλοις
752 1044 970 1126 πολεμήσετε,
999 1040 1058 1107 καὶ
1085 1044 1180 1107 οίιιεσ

101 1149 142 1212 τά
168 1147 341 1233 ὑποχείρια
368 1150 532 1231 γενόμενα
554 1145 725 1230 μεθιέντες
748 1146 867 1231 ἀζήμια
888 1151 970 1225 τοὺς
992 1164 1117 1232 συχκα·

64 1278 89 1316 ιο
98 1252 366 1336 τακτησαμένονς
388 1252 465 1335 ὑμῖν
482 1252 544 1335 τήν
564 1253 669 1337 ἀρχήν
686 1253 872 1336 ζημιώσετε,
891 1256 991 1319 πόλιν
1006 1276 1043 1319 τε
1057 1255 1116 1337 τήν

100 1357 211 1421 αὐτῶν
234 1357 328 1440 ὑμῶν
351 1356 550 1443 παρέχοντες
573 1359 675 1424 άπασι
697 1370 767 1435 τοῖς
790 1357 962 1443 δεομένοις
982 1360 1117 1445 ἀσφαλῆ

98 1465 307 1546 καταφυγήν,
330 1463 451 1547 ταύτης
472 1463 671 1529 ἀπελαύνειν
693 1466 888 1550 ὑπομενεῖτε
914 1469 995 1544 τοὺς
1020 1467 1118 1533 αύθι-

100 1580 224 1654 μενεῖς,
254 1561 304 1648 οἷς
331 1567 386 1635 καὶ
415 1570 642 1656 συνετράφητε
669 1568 725 1637 καὶ
749 1573 1038 1656 συνεπαιδεύθητε
1065 1571 1119 1638 καλ

100 1680 234 1741 πολλῶν
259 1676 499 1760 ἐκοινωνήσατε
522 1687 633 1741 κακῶν
656 1700 690 1741 τε
709 1676 764 1742 καλ
783 1677 923 1761 ἀμαθῶν
944 1677 982 1744 ἐν
1000 1680 1119 1764 είρήνη

67 1805 92 1846 ιι
102 1807 137 1850 τε
160 1781 214 1848 καὶ
240 1784 322 1848 κατά
344 1781 524 1867 πολέμους;
554 1783 630 1865 οὐκ,
659 1781 718 1847 ἐάν
741 1783 781 1847 τά
803 1806 840 1866 γε
863 1785 978 1851 δίκαια
999 1783 1120 1851 καὶτὰ

101 1891 313 1975 προσήκοντα
342 1899 412 1965 τοῖς
441 1887 611 1974 ὑμετέροις
641 1891 735 1954 ἔθεσι
762 1891 934 1973 βούλησθε
962 1894 1120 1977 πράττειν

102 1994 157 2060 καλ
184 1993 285 2080 χωρὶς
309 1994 410 2077 ὀρμής
432 1996 566 2080 κρίνητε
587 1996 625 2059 τὸ
649 1993 831 2081 συμφέρον.

171 2100 253 2166 LVI.
284 2096 369 2166 Ἀλλ’
392 2100 443 2165 ὅτι
471 2098 532 2184 μέν
558 2102 609 2166 δελ
631 2102 882 2167 καταλύσασθαι
904 2103 967 2186 τήν
990 2104 1122 2188 στάσιν,

103 2213 190 2274 εἴποι
217 2230 267 2284 τις
290 2208 347 2289 άν,
376 2207 437 2291 οὐχ
460 2201 560 2289 ήιτον
583 2205 676 2290 ἡμεῖς
699 2206 888 2291 ἐγνώκαμεν
912 2206 968 2272 καὶ
991 2211 1121 2293 πολλήν

68 2338 95 2378 το
104 2315 341 2399 παρεσχήμεθα
373 2315 581 2397 προθυμίαν·
622 2324 691 2389 πῶς
721 2308 753 2377 δ’
779 2312 821 2381 ἀν
853 2312 1117 2401 καταλυσαίμεθ’

105 2421 225 2505 αὐτήν,
251 2429 349 2484 τοῦτο
373 2430 476 2504 πειρῶ
501 2416 618 2502 λέγειν.
665 2417 746 2505 ὁρᾷς
769 2420 847 2503 γάρ,
876 2420 937 2504 ὅση
962 2419 1040 2507 περὶ
1063 2423 1122 2486 τὸν

106 2528 214 2612 δήμόν
238 2526 329 2592 ἐστιν
353 2525 528 2608 αὐθάδεια,
552 2525 589 2602 ὃς
608 2526 684 2590 ούτε
703 2523 821 2609 πέμπει
839 2527 923 2609 πρὸς
940 2526 1027 2612 ἡμᾶς
1046 2525 1122 2610 περὶ

106 2634 292 2699 διαλύσεων
315 2633 415 2709 αὐτὸς
438 2632 562 2697 ἀδικῶν
586 2632 662 2696 οὔτε
686 2641 755 2707 τοῖς
776 2626 837 2715 ὑφ’
858 2631 954 2715 ήμῶν
978 2633 1123 2698 ἀποστα-

106 2740 212 2800 λεῖσιν
240 2738 452 2825 ἀποκρίνεται
480 2739 649 2815 πολιτικάς
673 2735 728 2802 καὶ
751 2739 1018 2821 φιλανθρώπους
1041 2741 1184 2806 ἀπο-1166

70 2864 96 2905 ετ
106 2843 242 2927 κρίσεις,
257 2838 329 2906 ἀλλ’
346 2845 556 2930 ὑπερηφανεῖ
567 2842 622 2910 καὶ
637 2843 772 2926 ἀπειλεῖ,
787 2842 842 2908 καὶ
856 2845 987 2911 είκάσαι
1001 2845 1122 2933 ῥηίδιον

179 3059 193 3106 1
213 3050 373 3107 Μεδύλλιον
391 3052 444 3105 ΑΒ
535 3059 551 3107 ὁ
572 3050 635 3107 ἔσθ’
658 3053 711 3108 del.
736 3052 824 3107 Cobet
842 3052 906 3108 obs.
926 3072 954 3122 p.
977 3060 1027 3109 122
1054 3059 1058 3123 Ι
1081 3076 1122 3119 τις

107 3124 213 3180 add.B
305 3123 406 3186 θεοὺς
429 3120 480 3178 οὑν
504 3122 807 3194 καταστησαμένουςΒ
899 3131 932 3178 10
951 3125 1121 3196 ἀρχὴν..Β

108 3204 141 3252 12
161 3193 192 3252 ἐκ
211 3194 314 3263 ταύτης
332 3210 354 3248 e.
375 3191 463 3247 Cobet
481 3194 498 3246 l.
518 3193 536 3247 l.
564 3196 567 3266 λ
592 3193 743 3265 ὑπομόνιτε
762 3195 809 3248 Ba
881 3201 914 3249 16
933 3194 1122 3266 ήμετέροιςΑ

106 3322 250 3394 ὑμετέροις
268 3322 291 3376 Β
349 3326 382 3374 20
402 3315 671 3387 καταλυσαίμεθ’..
691 3319 742 3387 τήν
761 3319 808 3372 Ba
839 3287 1122 3390 καταλυσαίμεθοέαύ-

106 3414 158 3462 την
177 3395 225 3448 Bb
297 3398 331 3447 22
351 3409 447 3447 οσοντε
466 3389 513 3442 Ba
549 3388 652 3442 ώσοντε
671 3388 718 3442 Bb
