2414 3840
513 106 676 156 -Ε-
1039 104 1103 170 185

85 253 152 328 ἐπὶ
173 265 231 349 τὴν
258 264 366 351 ἀρχὴν
392 260 449 329 ὑπ’
470 262 615 348 ἐκείνου,
645 261 797 351 στέργειν
824 261 862 331 δὲ
888 267 929 330 τὰ
955 268 1105 352 παρόντα

82 361 314 456 ἠναγκάζοντο
343 367 399 435 καὶ
426 371 466 436 τὰ
489 370 653 455 δεδομένα
677 371 843 456 δέχεσθαι.
889 369 1104 457 ἀφικομένων

85 468 125 535 δ’
147 480 192 556 είς
212 479 272 544 τὸν
296 475 478 562 ὁρισθέντα
501 480 626 564 χρόνον
648 477 684 544 ἐκ
706 487 765 562 τῆς
785 481 912 556 πόλεως
933 490 1002 545 τῶν
1025 478 1105 563 ἀπο-

81 581 327 670 λογησομένων
349 584 412 667 τὴν
435 585 534 668 δίκην
555 582 611 650 καὶ
634 584 697 650 ἀπὸ
720 594 779 669 τῆς
801 589 926 669 βουλῆς
943 596 1010 651 τῶν
1028 606 1105 671 πρε-

83 691 279 773 σβυτάτων,
305 693 451 768 καθίσας
478 688 531 756 έπλ
553 700 615 757 τοῦ
637 694 783 777 βήματος
805 693 823 758 ὁ
846 695 1003 776 βασιλεὺς
1025 693 1131 776 μετάὸ

80 806 158 862 τῶν
188 800 300 882 φίλων
329 795 385 862 καὶ
414 799 474 863 τὸν
501 798 579 863 υίὸν
607 799 817 877 συνδικάζειν
843 801 1001 876 κελεύσας
1029 796 1105 863 ἀπέ-

82 899 197 970 δωκεν
220 903 335 982 αὐτοῖς
357 905 469 988 λόγον.

45 1011 82 1067 18
156 1010 312 1077 XXXIII.
340 1008 413 1075 Ἔτι
441 1005 479 1075 δέ
506 1018 563 1094 τῆς
591 1011 817 1094 δικαιολογίας
843 1008 1022 1095 γινομένης
1048 1004 1108 1092 ἧκέ

78 1132 141 1195 τις
170 1116 389 1201 ἀπαγγέλλων
419 1117 482 1200 τὴν
514 1118 628 1202 φυγὴν
657 1128 725 1183 τῶν
755 1117 995 1202 ὁμηρευουσῶν
1023 1137 1106 1201 παρ-

75 1221 212 1289 θένων.
254 1223 428 1307 δεηθεῖσαι
449 1224 514 1309 γάρ
536 1226 876 1308 τῶνφυλαττόντων,
900 1224 956 1289 ἵνα
979 1239 1106 1307 σνγχω-
1120 1243 1147 1284 ω

76 1332 241 1414 θύσωσιν
277 1328 393 1406 αύταῑς
429 1328 619 1395 λούσασθαι
652 1329 936 1416 παραγενομέναις
967 1330 1015 1406 είς
1045 1330 1105 1395 τὸν

72 1439 257 1522 ποταμόν,
280 1433 394 1518 ἐπειδὴ
417 1435 455 1500 τὸ
479 1435 681 1521 συγχώρημα
704 1437 825 1520 ἔλαβον
848 1436 1032 1519 ἀποστῆναι
1055 1460 1106 1521 μι-

70 1543 173 1628 οιρδν
201 1542 266 1608 ἀπὸ
290 1549 353 1608 τοῦ
374 1549 526 1626 ποταμοῦ
548 1553 618 1620 τοῖς
641 1540 805 1628 ἀνδράσιν
830 1544 998 1625 εἰποῦσαι,
1025 1540 1106 1620 τέως

69 1635 135 1714 ἂν
156 1649 415 1716 ἀπολούσωνταί
432 1671 468 1714 τε
490 1646 547 1713 καλ
563 1650 621 1726 τὰς
639 1648 783 1732 ἐσθῆτας
801 1647 1026 1730 ἀπολάβωσιν,
1050 1648 1106 1712 ἵνα

63 1757 136 1840 μὴ
157 1756 287 1841 γυμνάς
310 1753 436 1840 δρῶσιν
458 1755 573 1831 αὐτάς·
604 1753 818 1837 ποιησάντων
839 1751 895 1820 καὶ
917 1761 1016 1818 τοῦτο
1039 1763 1107 1818 τῶν
1121 1773 1147 1815 ιε

63 1854 241 1950 ἀνδρῶν,
273 1858 606 1946 παρακελευσαμένης
637 1861 752 1938 αὐταῖς
780 1869 839 1945 τῆς
866 1861 1026 1936 Κλοιλίας
1052 1858 1107 1926 καὶ

55 1969 222 2056 τἰρώτης
253 1967 498 2053 καταρχούσης,
532 1965 770 2052 διανηξάμεναι
795 1967 856 2032 τὸν
883 1965 1033 2048 ποταμὸν
1061 1969 1108 2044 είς

55 2077 153 2160 ’ἑὴν
178 2078 280 2141 πόλιν
302 2074 466 2157 ἀπῆλθον.
512 2076 598 2139 ἔνθα
622 2074 663 2156 δη
686 2073 832 2149 πολὺςὸ
859 2071 1043 2157 Ταρκύνιος
1065 2068 1143 2156 IV?

58 2176 265 2268 ἐπιορκίαν
286 2204 322 2246 τε
345 2178 401 2246 καὶ
424 2180 579 2246 ἀπιστίαν
601 2190 671 2263 τοῖς
684 2174 855 2264 Ῥωμαίοις
873 2178 1033 2262 ἐγκαλῶν,
1051 2175 1108 2243 καὶ

58 2289 151 2354 ’τὸν
173 2285 312 2371 βασιλέα
333 2285 535 2371 παροξύνων
557 2286 602 2363 ὡς
625 2285 877 2370 ἐξαπατώμενον
895 2281 951 2350 ὑπ’
974 2284 1107 2370 ἀνθρώ·
1121 2306 1148 2346 ω

65 2412 166 2459 θεων
189 2395 314 2460 δολίων
336 2389 447 2477 μηθὲν
468 2392 645 2477 προσέχειν
668 2393 790 2469 αὐτοῖς.
832 2389 1107 2475 ἀπολογουμένου

76 2495 134 2565 «δέ
153 2508 215 2566 τοῦ
235 2499 366 2565 ὑπάτου
388 2495 504 2564 καὶτὸ
527 2501 628 2584 ἔργον
650 2498 684 2577 ἐξ
709 2499 819 2575 αὐτῶν
842 2496 999 2581 λέγοντος
1021 2492 1108 2563 εἶναι

42 2604 161 2671 Βτῶν
187 2604 370 2692 παρθένων
398 2606 474 2689 δίχα
500 2613 558 2688 τῆς
584 2603 740 2689 ἐπιταγῆς
767 2615 835 2670 τῶν
857 2604 1025 2692 πατέρων,
1051 2603 1109 2671 καὶ

88 2712 134 2776 τὸ
157 2713 278 2778 πιστὸν
305 2710 368 2776 ούκ
395 2712 442 2788 είς
468 2712 599 2796 μακράν
620 2710 823 2797 παρέξεσθαι
845 2714 1002 2796 λέγοντος
1024 2709 1107 2799 ὑπὲρ

95 2826 155 2883 τοῦ
181 2813 287 2904 μηδὲν
313 2815 348 2897 ἐξ
375 2817 553 2901 ἐπιβουλῆς
575 2811 634 2902 ὑφ’
656 2815 785 2883 ἑαυτῶν
807 2825 1012 2905 πεπρᾶχθαι,
1039 2841 1108 2886 πει-
1122 2837 1149 2880 ιι

166 3008 340 3080 2διδύμενα
357 3008 404 3062 Ba
440 3007 641 3080 δεδογμέναΑ
677 3007 818 3079 δεδομένα
837 3026 860 3063 ο.
879 3009 984 3065 Reiske
1005 3021 1009 3078 1
1031 3009 1109 3081 στέρ-

106 3095 157 3144 γειν
177 3101 207 3137 τε
227 3082 254 3135 Α
334 3087 352 3135 4
375 3079 425 3134 καὶ
447 3080 502 3134 del.
525 3079 671 3150 Kiessling
693 3084 697 3150 Ι
725 3081 881 3150 Οὐαλερίου
904 3081 1030 3153 θατέρου
1052 3090 1108 3136 τῶν

106 3146 209 3210 ὑπάτων
232 3154 298 3222 post
321 3150 370 3206 καὶ
392 3150 554 3206 addendum
577 3167 639 3205 esse
664 3154 760 3206 censet
779 3151 910 3206 Schnelle
928 3152 1025 3206 Exere.
1045 3151 1107 3205 crit.

104 3230 172 3284 1228
236 3231 252 3280 6
272 3220 416 3278 ἐπέδωκεν
435 3221 457 3276 0
477 3239 548 3277 corr.
568 3222 690 3293 Sylburg
759 3230 789 3276 11
810 3221 1081 3293 παραγενόμεναιΒ
1102 3222 1106 3290 1

105 3287 178 3354 ἒέοΟ
214 3295 251 3358 ὡς
270 3295 320 3348 aut
337 3293 408 3364 πρὸς
426 3310 449 3348 ο.
469 3293 573 3349 Reisko
657 3301 689 3348 13
709 3291 821 3356 *ἕωςΟ
901 3300 935 3346 14
952 3311 982 3345 τε
1001 3288 1107 3343 αδδΒ

104 3361 135 3414 19
154 3365 328 3440 ἀπιστ<ί>αν
346 3365 369 3418 Β
386 3369 390 3433 Ι
406 3384 436 3419 τε
453 3365 507 3419 AB
597 3371 630 3420 22
651 3362 737 3435 εἶναι]
757 3361 904 3433 γεγονέναι
923 3359 1109 3427 e.K1'essling
