2414 3840
523 136 687 186 -Δ-
1071 133 1114 198 εο

88 301 232 380 ψιλικὸν
251 298 412 383 ὁπλισμὸν
432 297 470 385 ἐν
488 307 559 374 τοϊς
577 297 675 373 ἰδίοις
689 294 848 373 ἑκάστους
862 298 973 380 λόχοις
986 302 1113 380 καθαρ-

91 407 159 490 μὸν
184 405 298 471 αὐτῶν
320 404 498 488 ἐποιήσατο
521 403 633 492 ταύρω
656 402 712 468 καὶ
734 412 816 492 κριῷ
839 401 895 469 καὶ
917 403 1037 490 τράγῳ.
1074 405 1115 467 τά

94 510 128 577 δ’
157 513 263 598 ίερεῑα
286 520 389 578 ταῦτα
407 510 480 598 τρίς
497 517 720 595 περιαχθῆναι
739 508 815 596 περὶ
831 512 869 576 τὸ
889 509 1114 594 στρατόπεδον

92 619 256 696 κελεύσας
279 621 382 684 ἔθυσε
403 626 450 706 τῷ
473 615 644 702 κατέχοντι
666 619 703 682 τὸ
722 616 951 702 πεδίον’Ἁρει.
992 620 1149 684 τοῦτον2

94 728 156 790 τὸν
179 727 357 810 καθαρμὸν
381 724 443 802 ἕως
464 735 532 790 τῶν
553 721 624 789 κατ’
648 720 704 808 ἐμὲ
726 727 858 809 χρόνων
876 720 1031 809 Ῥωμαῖοι
1053 746 1134 789 κα-ι

93 835 277 917 θαίρονται
300 832 381 915 μετά
398 831 460 914 τήν
479 828 673 896 συντέλειαν
691 841 758 895 τῶν
776 832 941 914 τιμήσεων
960 829 1025 895 ὑπὸ
1046 840 1114 895 τῶν

95 937 246 1022 ἐχόντων
267 938 330 1021 τήν
354 937 535 1022 ἱερωτάτην
558 937 664 1022 ἀρχήν
686 941 863 1021 Λοῦστρον
887 936 1113 1020 ὀνομάζοντες.

96 1044 231 1128 ἐγένετο
265 1039 299 1108 δ’
334 1043 352 1109 ὁ
385 1045 517 1128 σύμπας
547 1055 615 1110 τῶν
646 1042 879 1128 τιμησαμένων
910 1045 990 1118 τοὺς
1019 1044 1115 1124 βίους

88 1148 264 1236 Ῥωμαίων
283 1149 436 1235 ἀριθμός,
458 1151 502 1227 ὡς
520 1150 558 1216 έν
575 1161 645 1227 τοῖς
661 1161 844 1234 τιμητικοῖς
863 1148 998 1236 φέρεται
1012 1147 1114 1233 γράμ-

96 1272 215 1342 μασιν,
244 1253 297 1321 ἐπὶ
327 1258 486 1341 μυριάσιν
513 1256 598 1322 ὀκτὼ
625 1256 771 1340 χιλιάδες
793 1254 890 1322 πέντε
912 1257 1114 1341 τριακοσίων
1124 1280 1149 1320 ιο

42 1362 315 1429 ευιάποδέουσαι.
356 1362 531 1446 ἐποιήσατο
551 1359 588 1428 δὲ
607 1361 662 1428 καί
680 1371 738 1446 τῆς
756 1360 924 1446 αὐξήσεως
941 1371 1002 1428 τοῦ
1020 1367 1114 1428 πολι·
1129 1367 1149 1430 3

95 1479 192 1535 τικοῦ
216 1470 444 1553 συντάγματος
467 1468 508 1534 οὐ
531 1471 652 1553 μικράν
675 1471 839 1553 πρόνοιαν
863 1465 962 1546 οὗτος
981 1469 999 1535 ὁ
1018 1473 1113 1553 βασι-

95 1580 175 1654 λεὺς
203 1586 338 1661 πρᾶγμα
366 1576 529 1658 συνιδών,
563 1575 581 1640 ὃ
608 1574 792 1660 παρέλιπον
820 1576 962 1653 άπαυτες
989 1577 1024 1641 οί
1049 1578 1113 1661 πρὸ

95 1683 202 1748 αὐτοῦ
235 1686 389 1766 βασιλεῖς.
431 1680 552 1747 ἐκείνοι
583 1678 645 1766 μὲν
676 1683 740 1767 γάρ
773 1683 852 1758 τοὺς
884 1680 1001 1758 ξένους
1032 1682 1114 1747 ὑπο-

96 1791 274 1874 δεχόμενοι
296 1786 352 1854 καὶ
374 1789 605 1873 μεταδιδόντες
627 1798 685 1872 τής
708 1789 931 1864 ἰσοπολιτείας
954 1788 1060 1871 φύσιν
1078 1783 1109 1851 τ’
1123 1818 1149 1859 15

95 1894 117 1978 ἦ
141 1896 247 1979 τύχην
270 1895 381 1961 αὐτῶν
400 1895 560 1979 οὐδεμίαν
580 1894 805 1976 ἀπαξιοῦντες,
830 1895 876 1971 είς
893 1899 1114 1980 πολυανθρω-

95 2004 178 2066 πίαν
210 2004 404 2088 προήγαγον
433 2003 494 2086 τήν
526 2004 634 2066 πόλιν.
676 2001 694 2067 ό
723 1997 761 2066 δὲ
792 2001 933 2078 Τύλλιος
960 1999 1015 2066 καὶ
1043 2013 1150 2079 τοϊς4

96 2106 395 2194 ἐλευθερουμένοις
416 2119 484 2173 τῶν
504 2110 734 2194 θεραπόντων,
758 2107 817 2173 ἐάν
835 2109 879 2192 μή
898 2107 1047 2173 θέλωσιν
1066 2110 1113 2186 είς

94 2217 155 2291 τὰς
183 2212 312 2280 ἑαυτῶν
334 2217 446 2291 πόλεις
468 2212 615 2296 άπιέυαι,
644 2212 791 2299 μετέχειν
814 2223 872 2296 τῆς
895 2215 1115 2290 ἰσοπολιτείας

96 2320 265 2407 ἐπέτρεψε.
301 2321 458 2396 κελεύσας
480 2320 544 2404 γάρ
568 2320 634 2404 άμα
657 2331 727 2397 τοῖς
749 2322 862 2396 άλλοις
880 2320 1004 2384 άπασιυ
1023 2318 1149 2390 ἕλευ-το

96 2426 215 2511 θέροις
236 2425 293 2492 καὶ
315 2426 455 2502 τούτους
477 2428 681 2509 τιμήσασθαι
704 2426 762 2503 τάς
786 2424 912 2506 οὐσίας,
937 2426 983 2502 είς
1007 2427 1115 2509 φυλάς

97 2532 273 2612 κατέταξεν
292 2532 414 2609 αὐτοὺς
431 2534 489 2609 τάς
506 2535 589 2598 κατὰ
606 2536 705 2599 πόλιν
721 2531 876 2616 τέτταρας
890 2531 1113 2619 ὑπαρχούσας,

98 2640 135 2706 ἐν
162 2632 216 2718 αἷς
243 2637 299 2705 καὶ
326 2638 421 2724 μέχρι
447 2650 515 2704 τῶν
545 2637 623 2705 καθ’
646 2639 731 2725 ήμᾶς
757 2641 889 2723 χρόνων
911 2643 1113 2724 ταττόμενον

50 2749 248 2813 σοεδιατελεῑ
264 2748 302 2811 τὸ
322 2745 571 2831 ἐξελευθερικὸν
590 2751 711 2831 φῦλον,
731 2747 813 2811 ὅσον
832 2745 874 2811 άν
891 2749 926 2831 η·
959 2745 1014 2812 καί
1031 2747 1114 2814 πάν·
1149 2784 1152 2789 ·

169 2981 186 3029 2
205 2973 311 3047 τράγῳ]
334 2972 432 3047 κάπρῳ
456 2990 480 3028 ο.
503 2975 627 3028 Βοεολιοτ
649 2973 720 3030 Ann.
744 2973 814 3044 phil.
834 2980 903 3030 1873
926 2994 952 3045 p.
972 2982 1023 3030 331
1097 2985 1113 3032 3

97 3052 172 3117 τρεῖς
189 3045 212 3099 Β
268 3051 286 3099 4
305 3043 374 3100 ἔθυε
394 3047 416 3100 O
436 3062 504 3099 corr.
523 3045 662 3100 Bflcheler
729 3051 745 3100 8
764 3043 826 3100 τότε
844 3047 909 3110 τούς
928 3064 950 3102 ο.
969 3045 1115 3117 Kiessling

133 3124 168 3172 13
188 3115 360 3187 παρέλειπον
378 3115 423 3170 Ba
486 3123 519 3170 14
537 3114 742 3187 ἀποδεχόμενοι
760 3116 786 3170 Α
845 3123 877 3170 15
897 3117 939 3188 τε]
959 3115 990 3172 δὲ
1009 3117 1113 3172 Reiske

133 3195 168 3243 16
188 3185 475 3258 ούδεμῖάπάξιούυτες
491 3187 538 3242 Bb
576 3188 857 3258 οὐδεμιανάξιούντες
874 3187 921 3241 Ba
993 3193 1026 3241 19
1046 3184 1115 3242 ἐπα-

96 3257 191 3315 νιέναι
210 3275 234 3314 ο.
254 3258 360 3313 Reiske
415 3264 448 3312 20
467 3253 603 3329 ἐπέτρεψε
622 3259 668 3312 Bb
706 3255 843 3328 έπετρεψ.
861 3258 909 3311 Bb
926 3261 930 3325 Ι
946 3255 1114 3316 κελεύσαςΒ

96 3326 245 3386 ἐκέλευσεν
265 3325 419 3396 ἐπιτρέψας
437 3328 462 3382 R
524 3337 558 3384 21
577 3329 686 3394 τούτοις
703 3330 729 3383 Α
792 3336 826 3385 λλ
846 3328 918 3383 κατά
936 3327 987 3394 τήν
1006 3341 1030 3378 ο.
1048 3325 1114 3376 Am-

94 3401 201 3456 brosch
275 3407 311 3454 24
330 3401 454 3454 διατελεῖ
468 3399 556 3456 Cobet
575 3399 639 3456 obs.
659 3420 685 3471 p.
706 3406 739 3455 80
777 3397 893 3455 διετέλει
913 3397 934 3450 Ο
