2414 3840
516 202 677 253 ..ς-

89 364 152 429 ούκ
185 362 343 447 ἀξιοῦμεν
375 359 455 428 οὐδὲ
487 373 663 428 κοινωνεῖν
697 366 744 428 ἔτι
772 372 829 447 τῆς
856 367 999 446 πόλεως,
1032 357 1105 427 ἀλλ’

88 470 327 554 ἐπιμενοῦμεν,
360 470 437 534 ὅποι
467 466 540 534 ποτ’
569 468 612 534 ἀν
644 468 728 553 ἡμᾶς
755 472 819 556 ἀγη
847 471 884 534 τὸ
913 470 1036 555 χρεών,
1067 476 1107 553 τῇ

88 578 172 662 τύχη
196 573 252 641 καὶ
276 576 432 660 δαίμοσιν
456 575 690 661 ἐπιτρέψαντες
713 576 881 660 ἡγεμόσιν.
923 577 955 640 εί
977 572 1008 639 δ’
1035 575 1107 640 ἀδι-

88 683 247 767 κούμενοι
274 683 357 767 πρὸς
384 682 479 765 ὑμῶν
506 683 628 766 ταύτης
655 682 896 767 ἠναγκάσμεθα
922 690 979 765 τῆς
1007 683 1107 766 τύχης

34 794 304 874 207πειραθηναι,
327 787 364 852 ἐν
387 779 409 873 ᾗ
433 791 544 873 ἔσμεν,
566 791 602 853 τί
622 789 683 873 οὐχ
708 789 897 873 ὁμολογεῖτε
915 788 1012 854 κακοὶ
1030 787 1132 874 περλὸ

87 895 174 980 ἡμᾶς
201 893 297 959 αὐτοὶ
325 898 501 979 γενόμενοι
529 896 727 978 συγγνώμης
756 896 892 960 δεῖσθαι
919 892 975 960 καὶ
1003 895 1106 980 ἀμνη-

89 1004 196 1079 στίας;
219 1010 284 1066 νῦν
303 998 349 1084 δ’,
372 1001 415 1084 ἣν
434 1002 593 1085 αίτεῖσθε,
610 1001 735 1084 ταύτην
755 1002 888 1066 διδόναι
906 1000 1027 1084 λέγετε,
1050 1000 1106 1066 καὶ

87 1103 128 1191 ἧς
151 1105 313 1189 ἀφεῖσθαι
337 1110 458 1190 ζητεῖτε
482 1107 594 1192 ὀργῆς,
619 1107 741 1190 ταύτης
764 1107 808 1183 ὡς
831 1105 984 1191 ἀφιέντες
1006 1131 1105 1192 μεγα-

88 1218 271 1297 ληγορεῖτε,
295 1209 491 1297 συγχέοντες
509 1213 570 1296 την
589 1223 647 1296 τῆς
666 1213 825 1296 ἀληθείας
844 1214 949 1298 φύσιν
967 1211 1023 1279 καλ
1041 1213 1103 1298 την

87 1329 156 1384 τῶν
179 1320 318 1384 δικαίων
342 1318 478 1397 ἀξίωσιν
501 1318 774 1406 ἀναστρέφοντες.
820 1320 871 1385 ὅτι
895 1314 926 1383 δ’
948 1320 1010 1385 οὐκ
1033 1298 1145 1412 ἄδι-,3ο

87 1432 215 1509 κεῖσθε,
238 1422 309 1490 ἀλλ’
332 1425 485 1509 ἀδικεῖτε,
508 1423 562 1490 καὶ
585 1427 691 1491 πολλὰ
714 1425 769 1492 καὶ
788 1426 914 1510 μεγάλα
934 1426 1104 1512 εὐεργετη-

87 1530 205 1608 θέντες
228 1531 292 1596 ύπὸ
315 1539 376 1597 τοῦ
400 1532 520 1616 δήμου,
542 1533 583 1596 τδι
605 1528 667 1616 μὲν
686 1534 733 1608 είς
751 1533 813 1616 την
832 1532 1041 1618 ἐλευθερίαν,
1063 1535 1104 1598 τὰ

87 1636 119 1704 δ’
151 1640 198 1715 είς
226 1639 288 1721 τὴν
317 1637 518 1723 ἡγεμονίαν,
548 1638 588 1704 ού
617 1639 719 1714 καλάς
753 1637 984 1703 ἀποδεδώκατε
1013 1638 1102 1726 αὐτῷ

85 1747 145 1822 τὰς
172 1744 327 1830 ἀμοιβάς,
358 1745 495 1829 μάθετε·
532 1748 712 1829 ποιήσομαι
737 1740 768 1809 δ’
794 1740 852 1827 ἀφ’
875 1738 923 1811 ὧν
952 1750 1020 1809 ίστε
1048 1742 1104 1808 καὶ

87 1849 183 1916 αὐτοὶ
206 1851 408 1935 πραγμάτων
430 1854 509 1928 τοὺς
532 1854 663 1935 λόγους,
685 1849 740 1916 καὶ
763 1851 845 1936 πρὸς
868 1857 971 1935 θεῶν,
994 1849 1053 1915 ἐάν
1071 1873 1103 1915 τι
1117 1865 1143 1907 1⁵

86 1959 212 2036 ψεῦδος
234 1964 328 2041 είπω,
351 1958 394 2041 μὴ
419 1958 622 2042 ἀνάσχησθε,
644 1954 716 2023 ἀλλ’
740 1958 845 2034 εὐθὺς
867 1954 1021 2041 ἐλέγχετε.

154 2063 321 2129 LXXIIII.
339 2062 440 2148 Ἡμῖν
459 2066 496 2129 τὸ
516 2064 654 2149 ἀρχαῖον
673 2067 856 2148 πολίτευμα
870 2059 914 2146 ἦν
928 2065 1102 2149 μοναρχία,

83 2168 141 2236 καὶ
168 2168 265 2256 μέχρι
291 2179 407 2254 γενεῖις
435 2169 579 2255 ἑβδόμης
605 2172 707 2256 ταύτῃ
732 2172 897 2256 χρώμενοι
921 2168 1102 2236 διετελέσα-

84 2301 147 2362 μεν
166 2285 205 2361 τῖγ
223 2280 384 2364 πολιτεία,
403 2275 457 2342 καὶ
475 2278 564 2362 παρά
583 2277 690 2353 πάσας
708 2279 767 2354 τοῖς
784 2279 962 2363 ἡγεμονίας
980 2276 1102 2352 ταύτας

84 2379 187 2448 οὐδὲν
216 2381 234 2448 δ
263 2384 366 2467 δῆμος
392 2383 569 2467 ἠλαττώθη
597 2383 728 2448 πώποτε
755 2383 820 2449 ὑπὸ
843 2395 911 2449 τῶν
934 2380 1099 2467 βασιλέων
1114 2398 1141 2438 2⁰

34 2486 140 2555 ιοθκαὶ
158 2489 293 2554 πάντων
311 2490 428 2572 ἥκιστα
447 2489 512 2555 ὑπὸ
526 2501 594 2555 τῶν
608 2491 821 2555 τελευταίων·
845 2490 887 2555 ἐῶ
902 2491 965 2575 γάρ
980 2486 1101 2574 λέγειν,

84 2596 136 2661 ότι
154 2596 261 2660 πολλὰ
279 2593 333 2661 καὶ
352 2597 477 2679 μεγάλα
496 2596 608 2680 ἀγαθά
627 2596 662 2661 ἐκ
680 2605 738 2679 τῆς
756 2595 857 2681 ἀρχῆς
876 2596 986 2661 αὐτῶν
1007 2594 1101 2680 έκαρ-

82 2703 226 2768 πύσατο.
272 2699 373 2788 χωρὶς
401 2703 465 2786 γάρ
495 2710 553 2786 τῆς
580 2704 682 2786 ἀλλης
711 2701 821 2766 αὐτῶν
849 2704 1046 2786 θεραπείας,
1077 2693 1135 2788 ᾖ2

82 2809 325 2884 κολακεύοντας
344 2808 447 2873 αὐτὸν
467 2809 591 2873 οίκεῖον
606 2804 667 2892 μὲν
682 2810 811 2891 σφίσιν,
831 2807 955 2894 ἐχθρὸν
971 2803 1002 2874 δ’
1019 2808 1100 2894 ὑμῖν

83 2915 263 2998 ἐβούλοντο
296 2908 397 2996 εἶναι,
430 2913 448 2978 δ
481 2921 636 2979 ποιοῦσιν
664 2915 805 2991 ἀπαντες
832 2913 868 2979 οί
892 2925 1100 3000 τυραννικῶς
1113 2928 1139 2970 2⁵

82 3019 258 3103 έξάγοντες
280 3022 338 3097 τάς
362 3020 569 3104 δυναστείας,
591 3024 813 3104 κρατήσαντες
831 3019 963 3109 πολέμῳ
982 3028 1097 3106 μακρῷ

155 3183 171 3230 6
194 3174 341 3247 γενόμενοι
366 3176 447 3231 αύτολ
473 3194 495 3231 ο.
520 3177 658 3232 Βύολιθλθι·
749 3176 818 3246 ῖῆν
842 3181 891 3233 δεῖ
910 3175 1054 3232 αἰτεῖσθαι
1073 3193 1097 3230 ο.

80 3248 222 3302 Bfloheler
283 3254 314 3301 11
334 3247 490 3303 καὶπολλὰ
509 3248 604 3302 om.B
661 3255 692 3303 12
712 3258 761 3303 τοῦ
781 3267 834 3304 om.
853 3249 879 3301 A
934 3253 966 3300 17
985 3245 1098 3320 ἡμ<ῖ>ν

80 3317 373 3392 ΒΙμοναρχ<ί>αΒ
446 3327 479 3374 21
499 3319 748 3393 τελεντ<αι>ωνΒ
771 3319 802 3373 in
824 3335 877 3373 rae.
899 3323 912 3369 1
933 3317 988 3370 litt.
1062 3325 1096 3372 22

81 3389 189 3462 μεγάλα
208 3389 256 3444 καλ
275 3389 403 3445 πολλάΒ
429 3460 435 3472 ι
459 3397 493 3445 23
512 3389 596 3472 ἀλλης
615 3391 709 3472 αύτῶν
726 3390 774 3444 Bb
808 3390 900 3445 αὐτῶν
920 3404 972 3443 om.
987 3388 1014 3442 R
1063 3393 1097 3443 25

81 3459 169 3533 εἶναι]
189 3468 307 3529 ποιῆσαι
325 3479 347 3515 ο.
368 3460 532 3517 δυοιλααλεε
550 3462 693 3530 K1ess11ng

889 3547 948 3601 ‘w
