2400 3848
550 120 806 182 ...Ess'

123 289 219 368 σθελς
246 291 264 356 ὁ
293 293 450 374 βασιλεὺς
477 292 710 376 συνεχώρησεν
738 290 826 379 αὐτῷ
854 287 1062 377 πορευθέντι
1085 291 1147 368 τὰς

87 397 315 482 3παρθένονς
347 397 497 481 ἀγαγεῖν,
531 398 576 475 ὡς
612 397 812 481 ὑπισχνεῖτο.
859 394 1047 482 Οὐαλέριος
1079 393 1146 481 μέν

125 504 166 586 δη
195 505 253 581 τάς
280 503 474 590 παρθένους
502 504 591 582 ἀξων
614 503 729 592 ᾤχετο·
770 504 957 590 Ταρκύνιος
980 500 1019 568 δέ
1043 501 1145 569 καλδ

121 611 282 693 κηδεστὴς
319 609 423 675 αὐτοῦ
454 621 522 676 τῶν
555 613 693 677 δικαίων
712 611 940 696 ἱὑπεριδόντες
970 609 1146 696 πράγματι

95 716 369 800 σέπεβούλευσαν
402 717 542 805 ἀνοσίῳ,
579 720 680 802 λόχον
711 717 965 802 ὑποπέμψαντες
997 718 1048 793 είς
1079 717 1145 800 την

123 821 205 888 ὁδὸν
229 821 366 907 ίππέων,
389 824 447 902 τάς
469 847 503 890 τε
521 823 715 909 παρθένους
733 822 877 910 ἁρπάσαι
896 823 955 899 τὰς
973 820 1146 906 ἀγομένας

122 926 177 994 καλ
205 932 264 995 τὸν
287 931 416 996 ῦπατον
439 928 596 1007 καὶτοὺς
619 920 742 1006 ἀλλους
763 931 842 1007 τοῦς
864 927 918 994 έπλ
940 929 977 994 τὸ
1000 931 1147 1013 στρατόψ

121 1037 227 1101 πεδον
263 1034 464 1123 ἐρχομένους
500 1040 694 1120 συλλαβεῖν,
732 1036 777 1113 ὡς
808 1034 909 1121 ῥύσια
940 1033 1148 1114 καθέξοντες

123 1134 203 1207 ἀνθ’
225 1138 273 1209 ὧν
302 1145 489 1230 Ταρκύνιον
517 1143 696 1228 ἀφείλοντο
714 1138 869 1227 Ῥωμαῖοι
895 1142 1077 1228 χρημάτων
1103 1143 1148 1208 τδι

84 1261 111 1302 1⁰
125 1249 258 1332 σώματα
280 1257 398 1332 ταῦτα,
422 1247 477 1315 καὶ
499 1258 557 1334 τῆς
580 1250 675 1332 δίκης
696 1249 734 1314 τὸ
757 1247 851 1325 τέλος
874 1247 984 1313 οὐκέτι
1006 1267 1147 1334 περιμε-

87 1353 268 1430 4νοῦντες.
306 1355 367 1420 οὐκ
391 1361 481 1421 είασε
505 1353 535 1419 δ’
559 1355 671 1433 αὐτοῖς
693 1357 776 1421 κατά
799 1363 883 1420 νοῦν
906 1361 1057 1440 χωρῆσαι
1079 1355 1147 1439 τὴν

123 1458 305 1543 έπιβουλην
328 1461 365 1526 τὸ
390 1462 576 1545 δαιμόνιον.
613 1460 651 1526 έν
674 1461 741 1549 ὅσω
764 1462 828 1547 γάρ
853 1460 889 1526 έκ
905 1468 967 1526 τοῦ
981 1462 1146 1526 Λατίνων

122 1565 265 1649 χάρακος
284 1563 422 1652 ἐξῄεσαν
442 1569 477 1632 οί
493 1567 668 1653 μέλλοντες
685 1577 755 1644 τοῖς
768 1563 1055 1654 παραγενομένοις
1073 1566 1146 1632 έπι-

122 1668 264 1756 θέσθαι,
295 1673 432 1758 φθάσας
455 1673 473 1739 ὁ
495 1684 563 1739 τῶν
582 1669 751 1758 Ῥωμαίων
774 1673 898 1750 ὕπατος
920 1669 980 1757 ἦγε
1002 1673 1064 1750 τάς
1085 1676 1190 1738 oud-92(

82 1797 108 1837 1⁵
124 1799 197 1858 ρας·
224 1776 280 1844 κοιλ
298 1781 381 1866 πρὸς
399 1780 514 1857 αὐταῖς
531 1781 596 1864 ἤδη
616 1789 687 1857 ταῖς
704 1781 825 1856 πύλαις
844 1786 905 1844 τοῦ
926 1783 1146 1865 Τυρρηνικοῦ

122 1886 266 1970 χάρακος
285 1885 332 1950 ὢν
350 1885 415 1951 ὑπὸ
433 1897 500 1951 τῶν
519 1884 765 1965 ἐπιδιωξάντων
785 1885 821 1951 έκ
838 1894 896 1970 τῆς
913 1883 1026 1971 ἑτέρας
1041 1902 1145 1972 στρα-

122 1992 293 2069 τοπεδείας
312 1991 606 2076 καταλαμβάνεται.
643 1994 728 2057 ἔνθα
746 2001 804 2075 τῆς
818 1996 1010 2075 συμπλοκῆς
1026 1991 1145 2057 αὐτῶν

122 2098 305 2184 γενομένης
340 2110 452 2183 ταχεῖα
484 2109 553 2175 τοῖς
589 2101 775 2183 Τυρρηνοῖς
807 2103 964 2181 αἴσθησις
995 2095 1145 2183 έγένειο,

123 2201 179 2269 καὶ
206 2207 288 2271 κατά
319 2205 470 2287 σπουδην
499 2204 517 2270 δ
545 2213 606 2270 τοῦ
633 2202 795 2287 βασιλέως
817 2203 890 2280 υίὸς
913 2208 988 2286 ίλην
1012 2203 1144 2270 ἱππέων

82 2329 110 2368 20
125 2309 327 2396 ἐπαγόμενος
346 2311 494 2396 ἐβοήθει,
513 2309 568 2376 καὶ
587 2310 623 2376 έκ
636 2321 704 2376 τῶν
717 2313 824 2389 πεζῶν
839 2309 875 2375 οί
885 2311 1144 2395 προκαθήμενοι

123 2425 184 2481 τοῦ
206 2419 349 2503 χάρακος
372 2417 591 2504 συνέδραμον.

191 2523 359 2591 XXXIIII.
393 2520 465 2611 Ἐφ’
488 2516 538 2602 οἷς
560 2523 756 2608 ἀγανακτῶν
780 2523 798 2589 δ
822 2525 994 2608 Πορσίνας
1016 2524 1066 2600 είς
1090 2523 1106 2589 έ
1127 2563 1144 2574 -

123 2633 264 2712 κλησίαν
287 2635 366 2709 τοὺς
392 2634 588 2718 Τυρρηνοὺς
611 2630 784 2696 συνεκάλει
801 2627 858 2694 καὶ
877 2628 1070 2711 διεξελθών,
1095 2630 1144 2706 ὡς

125 2733 372 2819 ἐπιτρεψάντων
395 2738 484 2825 αὐτῷ
510 2739 631 2820 [δίκας]
650 2732 820 2821 Ῥωμαίων
844 2734 975 2800 δικάσαι
993 2733 1071 2820 περὶ
1091 2731 1143 2802 ὧν

82 2861 110 2901 ει
125 2839 343 2907 ἐνεκαλοῦντο
371 2843 436 2908 ὑπὸ
464 2846 669 2928 Ταρκυνίου,
696 2840 776 2927 πρὶν
801 2841 1053 2924 ἐπιτελεσθῆναι
1077 2844 1143 2926 τὴν

196 3039 213 3086 4
231 3035 320 3090 δικῶν
338 3035 361 3088 Β
452 3041 468 3089 8
487 3035 524 3098 ὡς
543 3035 607 3090 add.
626 3033 650 3087 B
670 3036 675 3090 Ι
695 3033 871 3101 καθέξοντας
890 3033 915 3087 Α
1007 3039 1040 3087 10
1059 3053 1143 3105 περι-

125 3112 280 3173 μενοῦντος
297 3105 323 3158 Α
413 3112 446 3160 13
465 3105 707 3176 παραγενομένοις
730 3121 752 3160 ο.
772 3105 894 3175 Sylburg
929 3102 1143 3173 παραγομένοις

126 3192 148 3230 ο.
168 3175 313 3245 Kiessling
337 3181 341 3244 Ι
367 3172 551 3231 ἐπιτίθεσθαι
574 3193 597 3232 c.
620 3175 745 3230 Reudler
762 3175 850 3231 Tiroc.
875 3175 936 3229 crit.
955 3192 981 3244 p.
996 3182 1030 3229 42
1107 3181 1141 3230 18

125 3245 278 3317 γενομένης
301 3245 415 3329 ἰσχυράς
438 3263 460 3302 ο.
479 3246 583 3301 Reiske
655 3253 689 3300 23
709 3247 863 3312 διεξελθὼν
882 3246 904 3301 0
942 3247 1097 3314 διεξῆλθον
1117 3264 1140 3303 ο.

34 3340 37 3345 ·
126 3317 250 3374 Sintenis
264 3318 326 3376 Em.
341 3320 422 3373 D10n.
438 3318 513 3372 1120
532 3318 582 3371 sed
596 3318 631 3372 cf.
646 3317 791 3371 Meutzner
805 3319 875 3374 Ann.
890 3316 960 3388 phil.
977 3322 1029 3370 126
1044 3321 1141 3388 (1882)

124 3407 152 3457 p.
168 3398 220 3446 268
235 3408 292 3460 eqs.
366 3396 400 3444 24
417 3391 502 3452 δίκας
519 3389 573 3444 del.
593 3386 697 3442 Reiske
