2414 3840
517 199 681 248 —A-
1046 191 1108 258 133

88 359 206 444 ἕτερόν
227 382 260 424 τι
282 368 351 424 τῶν
373 355 583 442 βιαζομένων
601 356 622 440 ἢ
640 359 831 421 πειθόντων
849 355 1051 440 ἀνθρώπους
1069 356 1109 418 τά

87 468 132 552 μή
158 466 271 531 δίκαια
293 465 461 550 πράττειν.
500 465 531 528 εἰ
552 461 592 528 δέ
609 479 698 528 τισιν
717 461 828 550 αὐτῶν
847 463 911 548 ἀρα
930 462 986 526 διά
1004 461 1144 544 κακήν3

88 573 196 657 φύσιν
219 571 240 655 ή
264 571 415 657 πονηράς
438 572 565 656 τροφάς
587 570 625 633 τὸ
648 570 897 654 φιλοτύραννον
921 566 1109 653 ἐμπέφυκεν

88 679 130 744 οὐ
152 682 293 754 πολλοῖς
316 671 393 742 ούσι
417 678 462 761 μδι
486 678 564 758 Δία,
589 675 745 761 μεγάλαις
768 673 823 741 καὶ
845 676 985 752 τούτους
1009 674 1109 757 ἀνάγ-

86 809 162 862 καις
184 781 391 867 ἐνζεύξομεν,
416 775 495 848 ὥστ’
512 781 548 847 ἐκ
570 792 728 867 πονηρῶν
751 779 910 865 γενέσθαι
932 782 1109 867 χρηστούς·
1132 801 1145 842 5

88 892 198 978 ὅμηρα
226 892 292 975 γάρ
320 889 431 954 αὐτῶν
460 891 577 974 έχομεν
605 887 642 953 έν
669 896 708 973 τή
736 890 831 953 πόλει
853 887 950 953 τέκνα
973 886 1028 953 καὶ
1051 912 1109 971 γυ-

88 1008 208 1074 ναῖκας
231 993 288 1061 καὶ
308 1007 430 1079 γονεῖς,
455 995 476 1060 ά
493 995 669 1081 τιμιώτερα
687 1003 744 1078 τής
764 995 852 1071 ἰδίας
875 992 965 1059 ἐστὶν
984 992 1109 1080 ἑκάστῳ

88 1112 206 1188 ψυχῆς.
244 1103 347 1167 ταῦτά
369 1100 397 1166 τ’
421 1097 484 1167 οὖν
509 1101 623 1178 αὐτοῖς
641 1101 840 1183 ἀποδώσειν,
865 1101 923 1165 ἐάν
942 1100 1110 1165 ἀποστῶσι

88 1218 157 1275 τῶν
179 1209 368 1295 τυράννων,
391 1208 654 1294 ὑπισχνούμενοι
676 1206 731 1272 καὶ
755 1209 872 1273 άδειαν
894 1202 941 1274 ὧν
960 1208 1109 1294 ἥμαρτον

82 1317 314 1401 ,ψηφιζόμενοι
346 1315 472 1402 ῥᾳδίως
502 1318 670 1400 πείσομεν.
716 1315 800 1380 ὥστε
827 1322 1049 1400 θαρροῦντες,
1083 1273 1145 1400 ώζὲ

90 1424 243 1507 δημόται,
267 1420 329 1487 καὶ·
346 1422 476 1506 ἀγαθὰς
500 1424 630 1506 ἔχοντες
652 1418 736 1507 ὑπὲρ
759 1431 827 1486 τῶν
850 1425 1040 1506 μελλόντων
1058 1420 1109 1486 έλ-

89 1530 189 1606 πίδας
211 1541 350 1615 χωρεῖτε
373 1530 456 1616 πρὸς
479 1530 538 1594 τὸν
561 1527 686 1611 ἀγῶνα,
709 1529 888 1593 κάλλιστον
912 1522 960 1593 ὧν
978 1528 1109 1592 πώποτε

48 1636 222 1721 εειήρασθε
240 1635 396 1720 πολέμων
414 1636 513 1714 τόνδε
530 1635 805 1719 ὑποστησόμενοι.
842 1634 936 1717 ἡμεῖς
954 1630 1015 1718 μὲν
1035 1628 1109 1714 οὖν,

91 1737 116 1807 ὦ
138 1739 218 1808 θεοὶ
240 1750 405 1829 πατρῷοι,
429 1743 575 1826 φύλακες
598 1739 723 1825 ἀγαθοὶ
746 1741 846 1823 τῆσδε
869 1748 926 1823 τής
951 1747 1026 1823 γής,
1054 1736 1109 1804 καὶ

91 1848 264 1933 δαίμονες,
288 1851 324 1912 οἳ
344 1849 424 1924 τοὺς
444 1846 587 1933 πατέρας
608 1847 703 1932 ήμῶν
727 1848 913 1930 λελόγχατε,
937 1842 992 1909 καὶ
1015 1848 1110 1922 πόλις
1120 1866 1145 1907 15

90 1954 334 2038 θεοφιλεστάτη
363 1956 508 2036 πόλεων,
541 1951 578 2018 ἐν
605 1943 626 2038 ᾖ
650 1951 811 2037 γενέσεώς
837 1975 872 2017 τε
900 1949 955 2016 καὶ
982 1961 1110 2039 τροφῆς

92 2058 267 2146 ἐτύχομεν,
304 2060 497 2146 ἀμυνοῦμεν
512 2080 518 2095 ·
532 2059 614 2144 ὑμῖν
645 2058 701 2125 καὶ
732 2060 879 2144 γνώμαις
910 2056 965 2123 καὶ
997 2061 1109 2142 λόγοις

91 2166 144 2232 καὶ
165 2164 262 2253 χερσὶ
284 2165 339 2231 καὶ
366 2176 502 2251 ψυχαῖς,
532 2164 588 2231 καὶ
610 2166 749 2251 πάσχειν
772 2165 899 2250 ἕτοιμοι
921 2173 1007 2248 πᾶν,
1036 2164 1054 2228 ὅ
1077 2187 1110 2229 τι

94 2271 132 2338 ἀν
155 2273 174 2340 δ
200 2275 329 2358 δαίμων
352 2270 468 2337 καὶτὸ
492 2271 599 2357 χρεὼν
623 2269 719 2357 φέρη.
765 2270 969 2356 μαντεύομαι
993 2266 1029 2334 δὲ
1052 2272 1145 2337 xvc-5

94 2384 160 2459 λοῖς
194 2376 427 2465 ἐγχειρήμασιν
464 2374 598 2462 εὐτυχές
632 2378 879 2460 ἀκολουθήσειν
910 2375 1011 2452 τέλος.
1058 2382 1145 2460 εἴηεο

94 2482 129 2551 δὲ
159 2488 294 2563 τούτοις
334 2486 439 2551 ἀπασί
473 2484 573 2550 ταύτὸ
611 2488 754 2569 λαβοῦσι
793 2483 922 2568 θάρσος
957 2481 1013 2548 καλ
1049 2494 1108 2572 μιηῖ

95 2594 208 2678 γνώμη
231 2591 463 2678 χρησαμένοις,
488 2592 603 2670 σώζειν
626 2589 662 2656 θ’
684 2588 843 2675 ἡμᾶςκαὶ
861 2590 1027 2668 σώζεσθαι
1045 2589 1104 2676 ὑφ’

95 2697 193 2782 ήμῶν.

155 2804 357 2870 LXXXIIII.
394 2809 537 2871 Τοιαῦτα
567 2814 628 2870 τοῦ
654 2805 809 2890 Βρούτου
835 2805 1108 2891 δημηγοροῦντος

98 2909 293 2996 ἀναβοήσεις
316 2934 350 2977 τε
373 2922 523 2996 συνεχεῖς
545 2907 599 2996 ἐφ’
621 2910 746 3000 ἑκάστῳ
769 2922 836 2976 τῶν
860 2910 1050 2996 λεγομένων
1073 2912 1144 2978 έκιτ

98 3027 151 3084 τοῦ
179 3020 334 3101 πλήθους
362 3017 513 3101 ἐγίνοντο
538 3020 818 3104 διασημαίνουσαι
840 3020 878 3083 τὸ
901 3021 1109 3105 βουλόμενόν

164 3219 177 3267 1
205 3209 378 3284 βιαζομένων
409 3209 432 3263 Β
479 3209 632 3283 βιαζόντων
660 3212 686 3265 R
777 3217 792 3266 5
817 3206 981 3280 ἐνζεύξομεν
1005 3209 1109 3263 Reiske

104 3282 269 3355 ζεύξομενΟ
358 3280 624 3355 7τιμ<ιώ>τεραΒ
716 3288 749 3337 15
769 3279 835 3336 πόλι
852 3281 899 3335 Ba
934 3280 1014 3341 πόλις
1031 3276 1108 3332 ABb

131 3397 161 3445 17
181 3388 211 3446 οἷ
227 3390 323 3460 γνώμη
342 3388 368 3442 Α
404 3353 439 3440 Aa!
453 3388 576 3460 γνώμαις
593 3390 641 3443 Ba
677 3387 704 3444 οἳ
726 3389 849 3458 γνώμαις
871 3386 918 3438 Bb
1005 3387 1037 3434 19
1057 3374 1109 3448 φέ-

105 3462 195 3528 ρεινΑ
269 3467 303 3516 26
323 3457 526 3532 βουλευόμενον
544 3460 570 3513 Α
