2414 3840
95 159 139 223 ιι
522 160 685 211 ·-Δ-

94 323 157 388 ὅσα
180 322 260 406 μετὰ
282 322 345 404 τήν
368 323 531 405 ἔμπρησιν
554 321 601 397 είς
619 319 679 385 τὸν
697 319 837 406 ἀρχαῖον
854 321 982 403 κόσμον
1001 318 1163 386 Saeve-‘145

95 426 199 511 λέσθη
224 428 364 512 φανεροί,
389 427 440 493 ὅτι
462 436 519 510 τής
537 434 654 509 καινῆς
673 426 741 491 ἐστι
759 426 886 511 τέχνης,
909 425 930 509 ή
951 420 981 491 δ’
999 427 1113 511 είκών,

96 535 150 600 οἵα
177 536 341 619 πρότερον
369 528 426 617 ήν,
458 532 595 618 ἀρχαικὴ
619 534 681 616 τήν
703 535 923 616 κατασκευήν·
960 532 1114 618 διαμένει

94 643 158 726 γὰρ
182 643 230 705 ἔτι
254 643 423 724 σεβασμοῦ
440 639 652 724 τυγχάνουσα
670 638 735 704 ὑπὸ
749 633 927 723 Ῥωμαίων.
960 636 1017 704 καὶ
1035 638 1114 726 περὶ

66 743 158 832 εμὲν
184 749 329 811 Τυλλίου
352 755 497 811 τοσαῦτα
518 745 757 831 παρελάβομεν.

162 852 310 917 ΧΧΧΧΙ.
346 854 443 918 Μετὰ
475 848 512 917 δὲ
541 860 662 917 τοῦτον
689 851 941 937 παραλαμβάνει
968 852 1115 929 Λεύκιος

101 960 285 1045 Ταρκύνιος
306 960 368 1042 τήν
386 954 557 1042 Ῥωμαίων
580 959 781 1045 δυναστείαν
805 957 846 1022 οὐ
868 959 951 1023 κατὰ
973 946 1127 1042 νόμους,

96 1066 180 1131 ἄλλα
213 1067 269 1131 διδι
300 1075 368 1130 τῶν
396 1065 508 1131 ὅπλων
537 1066 726 1149 κατασχών,
758 1066 840 1130 κατδι
868 1065 927 1130 τὸν
953 1062 1115 1150 τέταρτον

97 1173 251 1239 ἐνιαυτὸν
283 1180 341 1255 τής
373 1169 548 1256 ἑξηκοστῆς
574 1170 630 1237 καὶ
657 1171 789 1257 πρώτης
814 1170 1038 1255 ὀλυμπιάδος,
1070 1170 1116 1254 ήν

56 1300 84 1340 10
98 1279 191 1345 ἐνίκα
214 1277 351 1344 στοίδιον
372 1274 578 1362 Ἀγάθαρχος
601 1282 810 1363 Κερκυραῖος
832 1279 994 1368 ἄρχοντος
1014 1275 1117 1360 ’Λθή-

61 1391 175 1468 2νησι
199 1383 409 1468 Θηρικλέους.
452 1379 549 1461 οὗτος
571 1383 740 1470 ὑπεριδὼν
763 1381 825 1468 μὲν
847 1392 908 1449 τοῦ
931 1385 1117 1467 δημοτικοῦ

97 1495 260 1575 πλήθους,
284 1491 453 1576 ὑπεριδὼν
473 1487 511 1555 δὲ
529 1501 597 1556 τῶν
615 1493 808 1577 πατρικίων,
830 1487 891 1573 ὑφ’
915 1486 963 1555 ὧν
981 1488 1035 1555 ἐπὶ
1053 1490 1118 1572 τήν

98 1600 299 1663 δυναστείαν
331 1599 503 1682 παρήχθη,
536 1600 599 1681 έθη
627 1621 662 1662 τε
689 1594 745 1662 καί
772 1598 897 1680 νόμους
924 1595 979 1662 καὶ
1005 1596 1118 1662 πάντα

98 1705 158 1770 τὸν
177 1705 354 1790 ἐπιχώριον
372 1707 509 1789 κόσμον,
534 1695 560 1791 ᾧ
579 1704 641 1787 τήν
659 1706 758 1769 πόλιν
777 1701 965 1787 ἐκόσμησαν
985 1703 1020 1768 οί
1034 1705 1119 1788 πρό

56 1831 85 1872 15
97 1834 189 1898 τεροι
211 1815 368 1894 βασιλεῖς,
393 1809 534 1894 συγχέας
556 1808 612 1875 καὶ
635 1811 836 1895 διαφθείρας
859 1811 907 1886 είς
930 1808 1118 1892 ὁμολογου-

61 1916 204 2002 ῧμένην
232 1917 417 2002 τυραννίδα
448 1914 623 2001 μετέστησε
654 1917 716 2000 τήν
744 1916 858 2001 ἀρχήν.
898 1912 954 1980 καλ
980 1924 1118 1999 πρῶτον

99 2021 161 2107 μὲν
183 2025 338 2107 φυλακήν
355 2025 576 2106 κατεστήσατο
595 2021 670 2108 περὶ
690 2021 810 2088 ἑαυτὸν
824 2019 1016 2107 ἀνθρώπων
1029 2027 1167 2107 θρα-τῖε

100 2129 250 2195 συτοίτων
274 2130 353 2214 ξίφη
377 2127 432 2194 καλ
455 2131 578 2214 λόγχας
600 2133 776 2214 φερόντων
800 2128 987 2213 ἐπιχωρίων
1005 2151 1041 2192 τε
1060 2126 1119 2193 καὶ

100 2235 315 2320 ἀλλοδαπῶν,
344 2239 380 2302 οἳ
403 2237 523 2313 νυκτός
547 2258 585 2300 τε
608 2234 683 2321 περὶ
705 2236 769 2319 τήν
791 2237 963 2318 βασίλειον
986 2233 1119 2312 αὐλιζό-

58 2364 88 2404 20
101 2367 197 2428 μενοι
219 2344 326 2426 αὐλήν
348 2341 404 2408 καὶ
426 2337 503 2427 μεθ’
524 2340 651 2429 ἡμέραν
675 2341 795 2420 ἐξιόντι
817 2344 1120 2426 παρακολουθοῦν-

99 2474 168 2534 τες,
197 2450 260 2535 όπη
288 2450 483 2536 πορεύοιτο,
511 2450 640 2533 πολλήν
661 2449 723 2531 τήν
746 2447 809 2512 ιἰπὸ
833 2456 901 2511 τῶν
924 2444 1120 2529 ἐπιβουλευ-

100 2558 231 2621 σόντων
268 2555 453 2640 ολσφαίλειαυ
489 2557 697 2640 παρείχοντο.
743 2556 855 2618 ἔπειτα
890 2554 948 2630 τδις
980 2550 1120 2630 ἐξόδους

101 2662 178 2727 οὔτε
211 2672 360 2745 συνεχεῖς
392 2662 468 2726 οὔτε
501 2660 717 2744 τεταγμένας,
753 2660 836 2724 αἰλλδι
868 2661 1030 2735 σπανίους
1062 2656 1120 2723 καὶ

101 2769 371 2851 ἀπροσδοκήτους
395 2768 536 2834 ἐποιεῖτο
561 2767 789 2852 ἐχρηματίζετό
811 2789 846 2832 τε
869 2764 1031 2852 περὶτῶν
1049 2788 1120 2830 κοι-

59 2893 86 2936 κτ
101 2885 171 2941 νῶν
198 2872 269 2940 κατ’
292 2869 386 2939 οἷκον
413 2870 475 2960 μὲν
501 2875 541 2938 τδι
568 2875 675 2939 πολλδι
701 2871 757 2939 καὶ
784 2873 895 2938 αὐτῶν
922 2883 990 2937 τῶν
1017 2871 1121 2955 ἀναγ-

173 3074 189 3122 3
212 3069 317 3136 puncto
340 3069 405 3137 post
428 3065 605 3134 κατασκευήν
629 3064 742 3119 sublato
768 3084 795 3120 v.
820 3063 908 3136 4γδιρ
934 3064 989 3120 del.
1013 3063 1119 3119 Reiske

103 3145 136 3194 10
155 3143 330 3208 Κερκυραῖος
348 3138 454 3192 add.B
517 3143 549 3190 11
572 3135 781 3206 ΘηρικλέουςΒ
814 3133 986 3206 Ἡρακλέους
1004 3136 1030 3189 R
1085 3142 1119 3190 13

101 3209 276 3281 προήχθηΟ
313 3208 448 3280 παρήχθη
467 3207 611 3277 Kiessling
667 3214 708 3262 19.
724 3213 758 3262 20
777 3206 887 3278 περλτδ
902 3207 1044 3278 βασίλειον
1059 3205 1120 3260 sine

33 3349 35 3352 y
102 3281 232 3351 αόλὴνΒ
296 3286 329 3335 21
350 3280 415 3335 ὅποι
433 3277 562 3334 Hertlein
580 3281 696 3334 Hermes
717 3280 742 3333 X
760 3283 813 3333 412
877 3284 911 3333 23
930 3276 994 3332 οότε
1008 3275 1120 3332 -οόδὲ

102 3353 128 3406 Α
158 3352 227 3477 ὶοότε
242 3382 276 3393 -
291 3352 399 3407 οήτελλ
464 3356 499 3405 24
518 3351 734 3421 *χρηματίζεται
752 3349 860 3420 ττερλΑ
897 3344 1069 3419 ἐχρημάτιζε.
1088 3368 1120 3404 τε

102 3443 154 3495 περ
186 3426 207 3478 Β
