2400 3848
495 167 657 216 ..Ε-

68 323 271 410 γενομένων.
316 326 462 410 τοσαύτη
491 326 554 410 γάρ
584 327 682 391 άνοια
708 322 763 390 καὶ
785 327 987 410 θεοβλάβεια
1010 330 1089 404 τοὺς

70 433 261 516 δυστήνους
282 432 432 510 ἐκείνους
454 432 621 517 κατέσχεν,
646 428 732 497 ὥσθ’
752 430 935 518 ὑπέμειναν
959 432 1089 498 ἐπιστο-

69 540 130 615 λάς
156 540 286 623 γράψαι
309 541 393 623 πρὸς
415 541 475 605 τὸν
498 539 666 625 τύραννον
689 539 924 626 αὐτογράφους
946 541 1088 623 δηλοῦν-

69 666 122 722 τες
150 645 242 734 αὐτῷ
265 646 304 710 τὸ
326 648 457 729 πλῆθός
479 669 515 711 τε
537 656 604 711 τῶν
627 650 833 730 μετεχόντων
856 656 914 731 τῆς
937 662 1088 732 συνωμο-

70 753 145 827 σίας
167 748 224 816 καί
247 754 381 838 χρόνον,
406 751 444 817 έν
467 743 493 840 ᾧ
516 753 578 837 τὴν
596 754 678 817 κατά
695 763 763 818 τῶν
780 752 916 818 ὑπάτων
935 751 1115 820 ἐπίθεσινῠ

69 858 209 941 ἔμελλον
232 860 449 941 ποιήσεσθαι,
480 858 673 936 πεισθέντες
695 859 761 924 ὑπὸ
784 869 852 923 τῶν
874 858 1088 944 ἀφικομένων

69 962 115 1039 ὡς
140 963 267 1041 αὐτοὺς
292 967 381 1050 παρά
409 973 470 1030 τοῦ
496 965 665 1051 τυράννου
687 964 905 1050 γραμμάτων,
935 965 985 1030 ὅτι
1008 966 1087 1049 βού-

68 1073 160 1134 λεται
191 1069 398 1156 προειδέναι,
431 1074 524 1147 τίνας
551 1070 641 1159 αὐτῷ
669 1073 829 1157 προσήκει
852 1066 1021 1154 Ῥωμαίων
1050 1066 1087 1135 εὐ

67 1187 178 1241 ποιεῖν
199 1181 399 1262 κατασχόντι
416 1178 478 1260 τήν
496 1177 609 1263 άρχήυ.
646 1179 775 1244 τούτων
794 1175 826 1242 δ’
846 1176 1001 1262 ἐγένοντο
1020 1177 1123 1243 τῶν2

68 1281 255 1348 ἐπιστολῶν
278 1282 446 1371 ἐγκρατεῖς
469 1284 504 1349 οί
520 1284 640 1350 ὕπατοι
660 1287 742 1350 κατὰ
759 1285 894 1351 τοιάνδε
912 1287 987 1351 τινά
1006 1302 1085 1352 συν·
1102 1301 1128 1342 10

68 1392 195 1474 τυχίαν.
242 1384 321 1475 παρ’
342 1385 526 1468 Ἀκυλλίοις
553 1402 623 1468 τοῖς
651 1390 687 1456 ἐκ
715 1401 773 1475 τῆς
796 1395 1008 1458 Κολλατίνου
1035 1417 1088 1476 γε-

67 1498 208 1579 γονόσιν
232 1495 378 1582 ἀδελφῆς
402 1498 437 1563 οί
456 1500 718 1584 κορυφαιότατοι
736 1509 803 1564 τῶν
823 1499 859 1564 ἐν
878 1508 917 1584 τῇ
937 1515 1086 1583 συνωμο-

67 1606 125 1689 σίηι
146 1606 331 1687 κατήγοντο
354 1604 624 1690 παρακληθέντες
647 1604 727 1682 dag&
757 1599 855 1689 ’ίερά
872 1603 928 1670 καί
946 1608 1086 1670 θυσίαν·

67 1711 148 1794 μετά
172 1707 210 1775 δὲ
227 1710 290 1794 τήν
309 1709 456 1776 ἑστίασιν
474 1711 624 1790 έξελθείν
643 1711 678 1777 έκ
696 1721 757 1776 τοῦ
772 1714 962 1794 συμποσίου
975 1711 1086 1776 κελεύ-

67 1830 186 1893 σαντες
204 1820 284 1895 τοὺς
303 1819 480 1895 διακόνους
499 1817 554 1884 καὶ
574 1820 639 1904 πρὸ
653 1829 721 1883 τῶν
738 1825 858 1903 θυρῶν
877 1826 939 1881 τοῦ
958 1817 1086 1903 άνδρῶ-
1102 1831 1127 1872 1⁵

15 1912 127 2000 εόθνος
154 1923 315 1990 ἀπελθεῖν
343 1923 541 2011 διεφέροντό
567 1948 603 1989 τε
630 1926 712 2010 πρὸς
735 1924 901 2007 άλλήλους
923 1920 1007 2010 ὑπὲρ
1029 1932 1087 2008 τῆς

66 2039 261 2114 καταγωγῆς
277 2041 346 2095 τῶν
363 2031 539 2115 τυράννων
559 2028 615 2095 καὶ
633 2031 673 2095 τά
693 2029 834 2109 δόξαντα
853 2033 900 2107 είς
914 2028 1087 2106 ἐπιστολάς

65 2136 285 2222 κατεχώριζον
323 2136 571 2223 αὐτογράφους,
613 2135 651 2214 δίς
688 2138 756 2202 ἔδει
787 2139 866 2213 τοὺς
895 2130 1087 2211 Ἀκυλλίους

66 2244 232 2326 λαβόντας
268 2241 455 2308 ἀποδοῦναι
490 2254 561 2320 τοίς
598 2242 634 2308 ἐκ
671 2247 860 2330 Τυρρηνίας
895 2241 1084 2328 πρέσβεσιν,

65 2347 216 2424 ἐκείνους
244 2344 281 2413 δὲ
308 2351 492 2437 Ταρκυνίῳ.
539 2348 576 2415 ἐν
602 2349 709 2438 τούτφ
739 2351 780 2433 δή
809 2357 855 2437 τῷ
883 2351 992 2435 χρόνῳ
1015 2323 1126 2440 το”ον,30

64 2457 289 2540 θεραπόντων
307 2478 357 2531 τις
375 2457 527 2540 οίνοχόος
548 2455 583 2520 ἐκ
597 2458 723 2532 πόλεως
737 2458 902 2539 Καινίνης
921 2454 1083 2539 αἰχμάλω-

64 2585 121 2639 τος
153 2563 261 2645 ὄνομα
286 2561 479 2639 Οὐινδίκιος
508 2562 719 2639 ὑποπτεύσας
744 2565 824 2640 τοὺς
852 2563 978 2648 άνδρας
1005 2564 1084 2645 βου-

64 2669 177 2734 λεύειν
214 2669 345 2754 πονηρὰ
377 2677 417 2754 τή
449 2669 644 2754 μεταστάσει
676 2679 744 2734 τῶν
776 2670 943 2735 διακόνων
976 2670 1084 2754 ἔμεινε

64 2777 167 2860 μόνος
191 2774 253 2853 ἔξω
277 2776 366 2861 παρά
387 2787 459 2852 ταῖς
482 2776 606 2861 θύραις
627 2772 684 2840 καὶ
706 2776 785 2852 τούς
807 2799 842 2841 τε
861 2780 983 2860 λόγους
1000 2772 1079 2862 παρ’

64 2880 175 2946 αὐτῶν
199 2879 386 2965 ήκροάσατο
409 2878 465 2945 καὶ
488 2882 545 2958 τάς
564 2880 738 2957 ἐπιστολάς
756 2875 845 2946 εἶδεν
864 2882 929 2947 ὑπὸ
948 2882 1082 2948 πάντων
1096 2895 1122 2937 2⁵

135 3080 150 3127 1
169 3071 286 3141 τοιαότη
307 3070 329 3126 Ο
349 3087 419 3128 corr.
438 3071 527 3127 Cobet
546 3071 611 3129 Obs.
629 3091 657 3142 p.
675 3079 709 3127 94
783 3080 797 3128 7
816 3074 896 3145 παρὰ
912 3082 968 3129 τῶν
986 3083 1036 3130 τοῦ
1056 3074 1082 3129 Α

64 3150 97 3199 11
117 3141 267 3207 Ἀκυλλίοις
289 3141 366 3197 ABb
459 3149 492 3198 13
516 3143 670 3216 συνήγοντο
696 3160 720 3198 ο.
743 3144 867 3198 Reudler
889 3145 978 3200 Τίτου.
997 3164 1024 3214 p.
1045 3149 1078 3198 39

64 3221 98 3270 14
116 3210 213 3271 έστίαν
231 3213 278 3268 Βει
351 3221 384 3269 1ο
402 3215 499 3285 πρὸΟ
536 3235 557 3269 ιτ
576 3213 630 3270 όσω
648 3214 753 3269 Reiske
785 3216 841 3270 ἀπὸ
860 3232 884 3272 ο.
904 3216 993 3272 Cobet
1012 3214 1077 3269 Obs.

63 3305 91 3357 p.
110 3293 144 3342 95
239 3292 271 3340 16
291 3283 448 3357 διελέγοντό
471 3306 500 3341 τε
523 3237 593 3357 πρύς
616 3284 750 3353 ἀλλήλους
772 3287 836 3358 περὶ
861 3303 884 3342 c.
904 3283 993 3342 Cobet
1011 3278 1077 3337 Oba.

62 3364 143 3484 &94
204 3364 238 3412 23
258 3354 461 3428 μεταναστάσει
478 3357 501 3410 Β
564 3363 599 3412 24
616 3358 682 3421 τούς
699 3376 728 3412 τε
747 3355 846 3427 λόγους
863 3358 928 3419 τούς
947 3373 968 3410 ο,
989 3353 1078 3408 Cobet

109 3447 128 3484 ε.
146 3448 173 3500 p.
193 3433 237 3484 95.

868 3514 921 3568 10*
