2414 3840
572 182 731 232 ..ς-

146 349 362 429 προελθοῦσα
394 345 440 408 ἔτι
468 341 667 427 πορρωτέρω
695 345 788 424 λήσει
815 341 897 425 τάχα
925 336 988 424 μὲν
1017 340 1156 425 ἀνίατος,

146 451 178 514 εί
205 446 242 515 δὲ
269 450 313 533 μή
343 449 499 525 δυσίατος
526 447 580 513 καί
608 452 742 514 πολλῶν
765 449 854 512 αίτία
877 448 976 530 σφίσι
998 446 1157 531 γενομένη

147 566 270 620 κακῶν
310 558 372 637 τήν
402 577 437 619 τε
469 553 605 634 ἀξίωσιν
636 565 704 619 τῶν
736 541 924 636 δημοτικῶν
958 552 1071 618 οὐκέτι
1103 554 1158 636 τήν

149 661 254 744 αὐτήν
277 659 461 744 ἀπέφαινεν
484 659 647 744 ἐσομένην
669 668 709 745 τῇ
731 656 891 745 προτέρα,
920 655 993 723 οὐδ’
1018 657 1073 724 ἐπὶ
1095 671 1159 736 τοῖς

121 767 263 843 ταύτοῖς
290 770 394 845 είκαζε
416 770 650 851 συμβήσεσθαι
672 767 732 832 τὸν
755 767 862 850 δήμου
886 764 1083 849 ἀπαλλαγήν
1106 768 1159 850 μά

149 897 211 938 νον
238 883 306 937 τῶν
332 883 440 958 χρεῶν
467 874 681 957 αἰτούμενον,
710 871 793 937 ἀλλά
819 869 876 936 καὶ
905 874 1068 955 βοηθείας
1092 874 1160 956 δεή-

149 983 273 1046 σεσθαί
288 1005 380 1057 τινος
399 985 487 1063 ἴσως,
510 977 567 1063 ἀφ’
585 975 624 1062 ής
643 980 690 1054 είς
707 981 766 1044 τὸν
784 979 904 1044 λοιπὸν
917 981 1044 1062 χρόνον
1059 978 1159 1061 ἀσφα-

113 1087 209 1170 2λής
232 1085 424 1151 διατελέσει·
455 1087 702 1151 καταλελύσθαι
725 1081 786 1168 μὲν
810 1085 873 1169 γάρ
897 1080 955 1166 ἀφ’
978 1077 1022 1149 οὗ
1040 1090 1160 1170 παρήλ-

148 1199 212 1258 θεν
235 1193 256 1274 ή
274 1201 336 1257 τοῦ
354 1192 546 1276 δικτάτορος
564 1192 647 1277 ἀρχή
666 1192 725 1254 τὸν
744 1191 877 1273 φύλακα
894 1199 952 1273 τής
970 1189 1160 1276 ἐλευθερίας

111 1315 136 1354 1⁰
150 1299 254 1362 αὐτοῦ
287 1299 410 1381 νόμον,
442 1297 477 1373 ὃς
509 1299 585 1362 οὔτε
617 1297 825 1362 ἀποκτείνειν
855 1297 996 1380 πολίτην
1029 1298 1161 1384 άκριτον

150 1399 274 1466 οὐδένα
297 1403 477 1487 συνεχώρει
501 1414 571 1480 τοῖς
593 1404 745 1485 ὑπάτοις,
769 1399 851 1467 οὐδέ
870 1424 908 1483 γε
931 1402 1056 1487 <τοὺς>
1078 1403 1161 1488 παρά

149 1517 188 1593 τῇ
216 1511 324 1594 κρίσει
350 1507 610 1594 ἐλαττουμένους
637 1508 702 1574 ὑπὸ
730 1519 797 1573 τῶν
824 1510 1007 1593 πατρικίων
1032 1509 1205 1593 δημοτιῙΙλ1

149 1618 230 1691 κοὺς
256 1616 507 1700 παραδίδοσθαι
534 1625 605 1692 τοῖς
626 1612 958 1698 καταδικασαμένοις,
986 1616 1108 1699 έφεσιν
1130 1611 1161 1680 δέ

150 1731 219 1798 τοῖς
251 1719 470 1805 βουλομένοις
502 1720 618 1785 ἐδίδου
649 1718 848 1804 μεταφέρειν
874 1721 933 1796 τάς
958 1723 1087 1805 κρίσεις
1114 1719 1162 1787 ἐπὶ

112 1844 136 1884 15
150 1828 210 1892 τὸν
238 1827 346 1911 δήμον
374 1827 438 1892 ἀπὸ
465 1837 533 1891 τῶν
560 1830 744 1910 πατρικίων
772 1825 828 1891 καί
855 1826 874 1890 δ
897 1848 929 1889 τι
952 1824 995 1891 ἀν
1019 1827 1038 1892 ὁ
1064 1829 1163 1912 δήμος

150 1941 231 2021 γνῷ,
254 1929 344 1998 τοῦτ’
366 1928 453 1999 εἶναι
471 1933 603 2018 κύριον·
635 1932 833 2017 ἀφῃρῆσθαι
851 1928 888 1996 δὲ
905 1929 961 1996 καὶ
978 1932 1043 2016 τήν
1062 1935 1163 2018 ἀλλην

151 2039 306 2117 ἐξουσίαν
324 2050 391 2105 τῶν
410 2041 598 2123 δημοτικῶν
617 2039 733 2122 ὀλίγου
753 2040 824 2102 δεῖν
842 2047 963 2121 πᾶσαν,
981 2033 1023 2121 ἧς
1042 2038 1081 2104 έν
1099 2051 1163 2115 τοῖς

150 2144 325 2231 προτέροις
351 2148 485 2231 χρόνοις
511 2141 597 2227 ἦσαν
625 2145 750 2229 κύριοι,
782 2145 867 2208 ὅπου
894 2166 932 2227 γε
958 2143 1016 2208 καὶ
1043 2147 1106 2210 τὸν
1133 2145 1163 2212 ἐκ

151 2264 218 2317 τῶν
241 2250 396 2336 πολέμου
419 2254 589 2335 θρίαμβον
608 2252 669 2317 οὐκ
688 2249 853 2334 ἐξεγένετο
873 2251 986 2327 αὐτοῖς
1006 2250 1163 2337 εὑρέσθαι

112 2360 240 2443 νοπαρά
267 2367 324 2442 τής
351 2361 475 2441 βουλής
502 2355 601 2441 ἀνδρὶ
627 2353 704 2442 παρ’
727 2356 906 2421 ὁντιναοῦν
928 2357 1035 2423 ἀλλον
1059 2357 1164 2441 έπιτη-

153 2465 230 2551 δείςο
266 2465 388 2547 ταύτης
423 2474 536 2548 τυχεῖν
568 2472 625 2547 τῆς
657 2472 766 2547 τιμής,
804 2464 943 2549 Ποπλίφ
976 2466 1164 2550 Σερουιλίῳ

118 2573 300 2658 3Πρίσκφ.
346 2564 400 2653 ἐφ’
432 2561 482 2646 οἷς
515 2570 601 2646 είκός
632 2592 664 2633 τι
695 2569 882 2653 πάσχοντας
912 2571 992 2644 τοὺς
1022 2572 1165 2645 πολλοὺς

153 2676 297 2760 ἀθυμεῖν
324 2674 379 2740 καί
406 2677 555 2759 πονηράς
577 2677 664 2759 ἔχειν
686 2671 770 2759 ὑπὲρ
794 2683 851 2757 τῆς
873 2673 1057 2757 ἀσφαλείας
1080 2675 1165 2742 ἐλπί-

154 2782 228 2863 δας,
254 2781 367 2865 έπειδή
392 2783 468 2846 οὔτε
491 2780 604 2868 ὑπάτφ
629 2781 705 2845 οὔτε
729 2781 897 2866 δικτάτορι
918 2781 1087 2863 κήδεσθαι
1111 2782 1205 2846 aab-112

114 2906 139 2948 ιτ
154 2898 220 2951 τῶν
239 2885 457 2970 βουλομένοις
475 2885 652 2970 ἐξεγένετο,
671 2887 753 2951 ἀλλά
771 2884 826 2951 καλ
843 2886 1108 2971 προσαπήλαυσέ
1120 2911 1166 2963 τις

155 2993 266 3059 αὐτῶν
293 2992 421 3075 ὕβρεως
443 2990 498 3058 καὶ
522 2992 651 3076 ἀτιμίας
674 2992 730 3056 διά
752 2993 814 3075 τήν
836 2988 920 3077 ὑπὲρ
943 3003 1011 3057 τῶν
1033 2998 1166 3058 πολλῶν

154 3222 176 3276 Ο
205 3157 314 3291 ome
327 3145 471 3292 ἀάιράἀοάἀάς
485 3150 705 3291 ἓράίάειῖλάἕὶἀλῐο
722 3223 726 3286 Ι
740 3149 1166 3300 ἀάάάὐάἀδάδίεἶάῗλοτεξῶῗάἀά

152 3293 265 3348 videtur
321 3298 354 3346 13
374 3293 462 3353 εὐθὺς
480 3291 695 3361 παραδίδοσθαι
714 3289 878 3344 dubltanter
896 3305 918 3344 ο.
933 3289 1080 3359 Klosslmg
1134 3296 1166 3343 14

153 3364 240 3418 verba
262 3360 432 3434 μεταφέρειν
455 3360 505 3424 τάς
528 3362 631 3431 κρίσεις
649 3361 679 3414 in
698 3359 886 3430 suspicionem
904 3362 988 3415 vocat
1007 3360 1166 3430 Stephanus

151 3441 187 3490 16
206 3431 278 3505 έχντο
296 3433 320 3487 Β
393 3439 427 3490 25
446 3430 676 3503 *προςαπέλαυσε
696 3431 718 3484 Ο
