2414 3840
554 179 714 230 -ς..

127 364 162 404 τε
192 341 256 422 ἤδη
287 338 417 421 ἐγένετο
447 337 503 404 καὶ
529 340 608 415 τοὺς
636 341 815 423 πολεμίους
843 341 969 423 ἔμαθεν
997 341 1142 418 ἀτάκτως

127 447 411 530 προνομεύοντας,
443 446 571 524 ἀνοῖξαι
598 446 756 523 κελεύσας
778 448 921 522 πυλίδας
944 447 980 511 ἐκ
1003 457 1065 513 τού
1087 448 1142 532 χά-

128 576 229 638 ρακος
252 552 382 636 ἀδήλως
401 553 534 636 συχνάς,
558 546 617 636 ἀφ’
635 550 709 627 ἑνὸς
727 550 1000 637 παραγγέλματος
1019 552 1142 637 ἐφῆκεν

128 655 178 723 ἐπ’
201 658 323 734 αὐτοὺς
352 658 390 722 τὸ
418 658 611 741 στράτευμα.
653 656 845 734 ἐξαπιναίου
874 654 911 722 δέ
938 668 999 724 τοῦ
1029 661 1143 725 δεινοῦ

102 763 184 830 εκαὶ
211 766 300 850 παρὰ
328 764 429 843 δόξαν
456 775 526 840 τοῖς
550 763 777 840 Οὐολούσκοις
804 767 1054 849 προσπεσόντος
1077 765 1142 831 ὀλί·

128 895 183 954 γοι
210 870 271 955 μέν
298 896 386 949 τινες
412 870 615 946 ὑποστάντες
641 871 725 956 πρὸς
747 877 792 957 τῷ
815 870 935 954 χάρακι
960 874 1143 955 μαχόμενοι

128 980 370 1060 κατεκόπησαν·
398 977 434 1042 οἱ
454 972 485 1042 δ’
507 978 603 1042 ἀλλοι
626 977 808 1061 φεύγοντες
830 977 1071 1062 προτροπάδην
1089 976 1143 1044 καλ

128 1089 272 1162 πολλοὺς
297 1095 365 1150 τῶν
392 1081 563 1169 σφετέρων
586 1080 806 1159 ἀπολέσαντες
827 1086 1026 1166 τραυματίαι
1048 1106 1085 1148 τε
1111 1085 1147 1149 οἱ

127 1198 275 1256 πλεῖστοι
306 1187 361 1256 καὶ
393 1190 433 1253 τά
465 1190 550 1254 ὅπλα
581 1189 825 1265 ἀπολωλεκότες
853 1190 900 1265 είς
927 1189 987 1254 τὸν
1014 1190 1143 1274 χοίρακα

89 1276 338 1388 ἑδιεσώζοντο.
376 1293 547 1378 ἑπομένων
572 1289 602 1358 δ’
625 1294 738 1371 αὐτοῖς
760 1306 827 1359 τῶν
840 1290 1013 1379 Ῥωμαίων
1033 1297 1069 1360 ἐκ
1088 1319 1143 1361 πο-

131 1403 189 1478 δὸς
220 1399 275 1467 καὶ
307 1405 533 1486 περισχόντων
565 1403 602 1466 τὸ
635 1404 875 1488 στρατόπεδον,
910 1403 1041 1487 βραχύν
1067 1426 1143 1468 τινα

128 1509 254 1592 χρόνον
274 1508 480 1591 ἀμυνόμενοι
497 1506 690 1593 παρέδοσαν
708 1510 768 1574 τὸυ
785 1508 913 1593 χάρακα
932 1513 1067 1574 πολλῶν
1087 1508 1143 1574 ἀν-

129 1616 308 1699 δραπόδων
336 1636 371 1679 τε
398 1612 453 1680 καὶ
480 1615 700 1698 βοσκημάτων
722 1612 777 1680 καλΙ
800 1615 914 1680 ὅπλων
935 1612 991 1679 καὶ
1015 1624 1074 1698 τῆς
1097 1617 1144 1693 είς

128 1721 187 1785 τὸν
218 1723 364 1806 πόλεμον
395 1730 605 1805 παρασκευῆς
632 1719 785 1804 γέμοντα.
832 1719 917 1786 ἑάλω
946 1718 983 1786 δέ
1008 1723 1143 1806 σώματα

89 1843 114 1886 ω
129 1826 291 1913 ἐλεύθερα
319 1828 440 1912 συχνοί,
472 1827 513 1892 τὰ
540 1823 601 1911 μὲν
629 1826 739 1892 αὐτῶν
765 1826 1008 1911 Οὐολούσκων,
1037 1830 1078 1893 τὰ
1107 1825 1201 1893 δὲ1163

127 1943 195 1998 τῶν
219 1933 332 2008 αὐτοῖς
355 1930 681 2017 συναγωνισαμένων
705 1932 834 2017 ἐθνῶν,
857 1934 1007 2018 χρηματά
1029 1956 1066 1999 τε
1089 1932 1143 1999 καὶ

128 2039 190 2104 ὅσα
217 2039 341 2123 χρυσὸς
367 2038 423 2104 καὶ
450 2042 595 2125 ἀργυρος
623 2037 678 2104 καὶ
707 2039 811 2122 ἐσθὴς
837 2041 992 2126 ὡσπερὰν
1015 2043 1143 2117 πόλεως

127 2153 185 2229 τῆς
207 2147 384 2230 κρατίστης
407 2144 552 2228 ἀλούσης
574 2145 664 2210 πάυυ
687 2146 807 2210 πολλά·
834 2156 904 2223 τοῖς
926 2147 1143 2229 στρατιώταις

127 2248 218 2315 ταῦτ’
241 2248 346 2335 ἐφιεὶς
374 2251 391 2316 ὁ
415 2255 614 2337 Σερουίλιος
641 2250 685 2328 ὡς
712 2249 848 2327 ἕκαστος
871 2249 1064 2336 ὠφεληθείη
1089 2250 1143 2317 καὶ

88 2375 115 2416 κο
128 2353 234 2441 μηδὲν
263 2358 310 2433 είς
336 2359 374 2422 τὸ
403 2359 565 2442 δημόσιον
594 2355 802 2441 ἀναφέρουσι
830 2358 1069 2442 διανείμασθαι
1092 2383 1143 2424 κε-

127 2465 249 2540 λεύσας
271 2461 325 2529 καλ
348 2465 408 2529 τὸν
430 2465 557 2550 χάρακα
580 2462 662 2547 πυρὶ
686 2464 776 2547 δούς,
803 2463 980 2547 ἀναλαβὼν
1003 2467 1061 2542 τάς
1087 2468 1143 2531 δυ-

127 2571 242 2655 νάμεις
263 2566 345 2653 ἦγεν
363 2567 416 2634 ἐπὶ
434 2571 495 2653 τὴν
511 2570 682 2654 ἀγχοτάτω
696 2569 873 2635 Σουέσσαν
888 2575 1141 2656 Πωμεντιανήν.

200 2802 217 2850 3
236 2797 351 2923 συᾶνδις]
370 2797 480 2861 πυκνὰς
498 2799 521 2852 Β
537 2800 542 2868 Ι
558 2799 671 2868 ἀφῆκεν
689 2797 713 2850 Β
777 2803 793 2851 6
811 2816 841 2851 τε
859 2814 914 2851 om.
932 2797 955 2850 B
1019 2804 1052 2853 12
1072 2800 1144 2869 ἀμυ-

128 2865 242 2938 νόμενοι
303 2885 372 2925 corr.
392 2869 495 2923 Reiske
565 2874 598 2924 14
618 2863 689 2923 ἕάλω
708 2866 740 2923 δὲ
760 2868 914 2937 σόματαΒ
952 2863 1023 2924 έάλω
1043 2867 1075 2924 δέ
1095 2870 1144 2924 καλ

128 2957 151 2993 ο.
171 2939 197 2991 R
261 2947 293 2994 16
312 2939 440 3009 χρήματά
458 2960 487 2994 τε
506 2940 597 2995 καλΟ
634 2961 675 3011 χρ.
695 2938 727 2994 δὲ
746 2938 795 2993 κοιλ
812 2938 957 3009 Kiessling
1024 2945 1057 2994 1⁵1
1078 2939 1142 3012 ὅσα]

128 3007 174 3064 οἷα
199 3028 220 3064 ο.
247 3010 372 3064 Schenkl
395 3010 527 3064 Bursiani
549 3011 620 3066 Ann.
643 3010 743 3065 Litter.
766 3009 939 3064 breviarium
956 3029 983 3080 p.
999 3018 1033 3066 36
1110 3019 1143 3067 19

127 3079 207 3135 ταῦτ’
225 3080 247 3135 Ο
274 3079 360 3136 πάντ’
377 3097 400 3134 ο.
419 3081 564 3153 Kiessling
580 3086 585 3152 Ι
601 3078 727 3152 ἐφιελςΟ
756 3076 834 3150 ἐφεὶς
848 3097 871 3137 c.
885 3081 1031 3152 Kiessling
1046 3082 1055 3164 Ι
1068 3083 1144 3153 ὠφε-

127 3155 228 3221 ληθείη
249 3152 271 3207 Ο
309 3152 445 3222 ὠφεληθη
469 3169 492 3208 ο.
510 3154 620 3224 Kayser
636 3153 708 3207 Ann.
727 3152 797 3222 phil.
819 3157 886 3207 1866
905 3171 933 3222 p.
948 3159 983 3207 43
1007 3171 1058 3221 qm
1081 3156 1142 3208 δια-

126 3225 282 3293 νείμασθαι
309 3222 442 3285 κελεύσας
466 3223 520 3278 del.
611 3231 645 3278 20
668 3221 880 3295 ἀναφέρωσιΑ
921 3223 1141 3295 ἀναφέρουσιΒ

127 3292 284 3364 ἀναφέρειν
307 3310 331 3347 ο.
350 3292 495 3364 Kiessling
521 3298 525 3361 Ι
551 3297 756 3364 διανείμασθαι
778 3296 845 3363 post
863 3295 1026 3364 ὠφεληθείη
1046 3296 1144 3365 posuit

126 3364 271 3433 Kiessling
286 3366 290 3433 Ι
307 3362 396 3434 μηδὲν
416 3363 447 3420 δὲ
466 3366 491 3418 Α
527 3365 576 3420 καλ
594 3364 724 3435 μηδένΒ
797 3371 830 3419 22
851 3367 1032 3436 Πωμεντίοιυ,
1057 3365 1144 3436 ἣμε-

127 3433 209 3505 γέθει
226 3454 256 3489 τε
276 3434 353 3507 [γὰρ]
375 3434 524 3509 περιβόλου
544 3436 708 3492 dubitanter
726 3455 749 3492 ο.
768 3435 913 3506 Kiessling

101 3564 219 3616 fi
