2414 3840
534 194 698 242 -Δ-
1084 193 1125 258 19

102 356 206 418 καιύν
238 377 273 419 τε
305 353 362 419 καὶ
394 353 567 440 συμφέρον
600 361 644 440 τῷ
677 356 780 440 κοινςό
812 348 909 418 τοῦθ’
941 353 1127 438 ἡγούμενος

48 461 192 536 εεοτούς
224 457 286 544 μὲν
314 463 421 525 πολλά
450 457 671 543 κεκτημένους
698 460 804 524 πολλὰ
832 459 1014 546 εἰσφέρειν,
1047 465 1126 538 τούς

103 563 138 631 δ’
162 567 261 650 ὀλίγα
288 569 425 651 ἔχοντας
452 566 557 650 ὀλίγα.
600 567 694 631 δοκεῖ
720 564 760 630 δέ
785 589 843 650 μοι
865 568 921 633 καὶ
943 576 1001 651 τῆς
1024 570 1160 652 δημο-8

103 675 183 748 σίας
206 680 282 755 γῆς,
306 671 349 754 ἣν
373 673 429 735 διὰ
450 681 518 736 τῶν
543 672 656 736 ὅπλων
674 672 875 755 κτησάμενοι
892 671 1053 759 κατέχετε,
1077 676 1121 759 μὴ

102 781 186 854 τοὺς
220 777 477 854 ἀναιδεστάτους
509 779 619 862 ὥσπερ
652 785 716 841 νῦν
749 789 882 863 κρατεῖν
910 781 987 846 οὐτε
1014 782 1160 866 χάριτιῠ

103 886 273 967 λαβόντας
303 880 375 949 οὐτ’
408 884 478 968 ὐνῇ
505 882 746 968 κτησαμένους,
781 884 863 950 ἀλλά
889 889 969 962 τοὺς
996 886 1124 971 μηδένα

102 994 234 1076 κλῆρον
262 992 397 1073 ἔχοντας
424 989 535 1073 ὑμῶν,
567 990 622 1055 ἵνα
650 992 694 1075 μὴ
722 993 885 1075 θητεύητε
914 994 1007 1069 ὄντες
1034 994 1122 1059 έλεύ·

102 1103 206 1181 θεροι
238 1093 321 1181 μηδὲ
352 1097 410 1173 τάς
442 1096 617 1182 ἀλλοτρίας
649 1100 797 1180 κτησεις,
830 1097 913 1163 ἀλλά
945 1100 1003 1175 τάς
1038 1100 1125 1176 ἰδίας

101 1213 285 1287 γεωργῆτε·
311 1203 352 1268 οὐ
374 1204 438 1286 γάρ
462 1202 504 1268 ἀν
527 1201 658 1286 γένοιτο
682 1207 839 1288 φρόνημα
860 1201 993 1287 εὐγενὲς
1011 1203 1048 1270 έν
1067 1205 1123 1271 ἀν-

103 1310 228 1393 δράσιν
265 1308 507 1394 ἀπορουμένοις
543 1320 611 1374 τῶν
647 1303 726 1374 καθ’
759 1307 886 1396 ἡμέραν
922 1311 1159 1395 ἀναγκαίωνζιο

91 1413 191 1499 ’ὑπὲρ
206 1415 334 1480 ἀπαντα
353 1412 390 1481 δὲ
408 1414 500 1480 ταῦτ’
523 1418 632 1498 ἔγνων
649 1414 706 1481 καὶ
720 1421 798 1499 ίσην
811 1415 866 1482 καὶ
880 1419 998 1501 κοινὴν
1012 1429 1122 1484 ποιεῖν
1136 1421 1156 1484 9

101 1523 168 1605 την
191 1524 361 1587 πολιτείαν
383 1520 438 1587 καὶ
459 1524 500 1587 τά
519 1523 630 1587 δίκαια
648 1532 729 1588 πᾶσι
746 1524 832 1607 πρὸς
849 1525 996 1602 ἅπαντας
1015 1526 1121 1610 ὅμοια.

103 1629 154 1704 είς
176 1637 275 1694 τοῦτο
298 1630 361 1714 γὰρ
384 1630 508 1712 ἥκουσί
526 1653 615 1706 τινες
637 1630 835 1712 αὐθαδείας,
864 1625 949 1695 ὥσθ’
975 1631 1123 1716 ὑβρίζειν

103 1737 154 1812 είς
172 1737 210 1800 τὸ
230 1737 410 1820 δημοτικὸν
429 1735 559 1813 ἀξιοῦσι
576 1733 632 1800 καὶ
651 1733 732 1819 μηδ’
751 1734 951 1819 ἐλευθέρους
964 1736 1122 1819 ἡγεῖσθαι

102 1845 186 1918 τοὺς
206 1840 350 1924 πένητας
372 1842 475 1926 ὑμῶν.
512 1842 568 1907 ἵνα
591 1838 628 1906 δὲ
651 1839 706 1906 καὶ
729 1842 923 1926 λαμβάνωσι
946 1844 987 1907 τά
1010 1843 1158 1912 δίκαιαιι

102 1946 160 2013 καὶ
191 1947 358 2032 ὑπέχωσιν
386 1950 421 2013 ol
446 1951 575 2032 μείζους
602 1957 672 2024 τοϊς
695 1948 866 2014 ἐλάττοσιν
890 1947 923 2026 ἐξ
947 1955 1038 2031 ίσου,
1065 1953 1121 2016 νύ-

103 2079 192 2139 μους
213 2057 363 2139 θήσομαι
385 2056 535 2132 κωλυτὰς
558 2051 619 2139 μδν
641 2063 699 2139 τῆς
722 2057 812 2139 βίας,
837 2057 989 2139 φύλακας
1008 2054 1045 2122 δὲ
1062 2066 1121 2141 τῆς

104 2161 322 2245 δικαιοσύνης
340 2159 394 2226 καὶ
413 2161 513 2237 αὐτὸς
532 2160 655 2226 οὐδένα
673 2164 798 2247 χρόνον
819 2162 931 2243 ἀνήσω
946 2171 1004 2244 τῆς
1019 2161 1121 2226 ἀπάν-

101 2291 174 2333 των
196 2269 446 2353 προνοούμενος
470 2268 651 2352 ἰσηγορίας.

46 2395 101 2444 660
173 2375 212 2439 Χ.
248 2379 392 2439 Τοιαῦτα
415 2370 572 2456 λέγοντος
595 2373 699 2439 αὐτου
722 2377 827 2450 πολύς
850 2376 984 2449 ἔπαινος
1007 2372 1043 2439 ἐκ
1063 2382 1156 2458 τηςεο

101 2480 278 2565 ἐκκλησίας
300 2478 432 2564 ἐγένετο
454 2489 522 2545 τῶν
546 2479 618 2564 μέν,
642 2480 693 2546 ὅτι
714 2482 830 2558 πιστὸς
852 2476 895 2564 ἦν
919 2478 975 2545 καὶ
994 2481 1121 2559 δίκαιος

100 2585 180 2671 περὶ
203 2589 282 2663 τοὺς
304 2585 488 2672 εὐεργέτας,
512 2585 750 2671 ἐπαινούντων,
774 2597 841 2653 τῶν
861 2585 907 2671 δ’,
931 2587 982 2654 ὅτι
1000 2589 1120 2672 φιλάν-

100 2701 243 2779 θρωπος
268 2690 324 2758 καὶ
351 2695 583 2778 μεγαλόψυχος
610 2696 657 2772 είς
684 2698 763 2772 τοὺς
790 2695 952 2781 ἀπόρους,
982 2704 1050 2760 τῶν
1074 2691 1118 2778 δ’,

100 2801 148 2877 ὡς
180 2797 314 2885 μέτριος
344 2797 401 2865 καὶ
431 2800 610 2883 δημοτικὸς
635 2802 719 2887 πρὸς
747 2804 828 2878 τοὺς
854 2800 1118 2887 ταπεινοτέρους,

99 2905 260 2973 ἁπάντων
284 2903 330 2989 δ’,
353 2906 404 2971 ὅτι
426 2908 567 2990 νόμιμος
589 2904 645 2971 καὶ
668 2908 796 2984 δίκαιος
818 2909 941 2994 ἀρχων,
966 2907 1154 2991 ἀγαπών-τι

175 3105 189 3153 1
210 3118 239 3153 τε
258 3098 312 3168 γάρ
331 3097 380 3152 καὶ
392 3097 497 3152 Reiske
513 3099 517 3165 Ι
533 3098 564 3152 τὸ
584 3098 653 3152 αὐτὸ
671 3098 830 3180 ἡγούμαιΟ
868 3107 949 3152 τούτο
964 3099 1118 3169 ἡγούμενος

98 3169 228 3226 Sintenis
256 3171 316 3225 Em
340 3168 420 3223 Dion
445 3169 471 3221 Π
491 3175 524 3223 13
623 3174 683 3239 8μ
683 3168 734 3238 ηδὲ
758 3168 883 3224 Sintenis
906 3168 1062 3238 ibidemp
1084 3176 1116 3222 12

96 3239 214 3313 μήτεΟ
269 3238 419 3309 9γένηται
436 3239 491 3292 ΑΒ
547 3246 579 3294 12
598 3241 680 3312 πάσι]
683 3189 825 3365 ηάπασιὲο.
841 3239 957 3294 Schlffer
971 3240 1006 3293 de
1021 3189 1115 3324 Οοωιρ

95 3312 186 3367 Verb.
201 3316 293 3379 p.l24
320 3311 433 3366 ἅπαντα
446 3310 498 3363 ΑΒ
554 3316 588 3363 14
602 3241 773 3391 μητεΟ
794 3308 945 3379 δΙδείελςεΙ
962 3305 1117 3376 ἐλευθέρως

94 3385 119 3438 Β
200 3382 265 3436 15
252 3403 269 3436 v
271 3402 324 3451 ας
341 3382 394 3434 ΑΒ
413 3399 482 3436 corr.
503 3381 565 3435 Sm
553 3383 627 3435 ems
644 3383 705 3439 Em
724 3314 806 3437 Ιδιιου.
825 3381 852 3433 II
872 3386 904 3433 13
927 3383 930 3446 Ι
954 3377 1002 3433 καὶ
1021 3393 1074 3431 om
1093 3377 1116 3428 B

96 3463 132 3510 17
152 3402 290 3521 θησωάι
298 3452 421 3507 Reudler
438 3452 526 3508 Ἱῖεοο.
545 3471 573 3522 p.
590 3458 623 3505 32

927 3539 966 3592 ηε
