2414 3840
99 142 161 230 136
526 169 689 218 -Δ-

95 328 247 394 ἐλαύνων
275 330 353 405 τοὺς
380 328 501 404 ἵππους
528 326 592 392 άπὸ
621 326 778 413 ῥυτῆρος,
807 327 852 404 ὡς
879 328 1029 412 φθάσων
1055 329 1114 413 την

95 434 287 501 ἀπόστασιν.
326 434 434 520 εὑρὼν
458 430 495 499 δὲ
518 433 750 520 κεκλεισμένας
771 434 830 511 τὰς
852 435 960 512 πύλας
981 435 1040 502 καὶ
1061 458 1113 521 με-

95 542 174 618 στάς
200 542 312 606 ὅπλων
335 542 394 618 τὰς
416 540 566 618 ἐπάλξεις
588 539 691 630 ρ’ίχετο
714 541 815 606 πάλιν
838 538 891 606 ἐπὶ
914 542 953 606 τὸ
976 545 1113 630 στρατά

57 649 197 713 2πεδον
221 647 265 723 ὡς
288 641 356 731 εἶχε
379 647 500 731 τάχους
518 648 668 733 οἰμώζων
686 645 741 712 καὶ
761 649 983 716 δεινοπαθῶν.
1020 651 1112 734 ἔτυχε

72 751 133 819 εδδ
155 751 211 818 καὶ
233 752 327 818 τάκεί
342 754 517 839 πράγματα
535 755 599 838 ἤδη
620 752 862 841 διεφθαρμένα.
894 755 930 820 οί
945 756 1012 841 γάρ
1031 756 1113 821 ὕπα-

92 883 144 926 τοι
167 870 301 944 ταχείαν
324 859 427 925 αὐτοῦ
451 861 512 944 τὴν
534 863 723 945 παρουσίαν
747 858 800 926 ἐπὶ
822 861 884 944 την
906 863 1008 926 πάλιν
1031 883 1111 948 προ-

92 966 256 1052 ορώμενοι
279 962 444 1052 πέμπουσι
466 966 641 1053 γράμματα
663 963 742 1032 καθ’
765 965 878 1053 ἑτέροις
901 966 1005 1045 ὁδοὺς
1027 960 1111 1055 πρδς

91 1076 170 1150 τοὺς
193 1071 246 1139 ἐπὶ
264 1082 334 1147 τοῦΙ
348 1072 574 1159 στρατοπέδου
596 1078 867 1160 παρακαλοῦντες
885 1073 1010 1152 αὐτοὺς
1029 1073 1110 1141 άπο-
1130 1109 1136 1113 ·

93 1189 211 1263 στῆναι
242 1188 302 1245 τού
334 1180 504 1265 τυράννου
531 1177 587 1244 καὶ
614 1181 654 1244 τά
682 1179 825 1258 δόξαντα
851 1190 922 1258 τοϊς
950 1180 987 1246 έν
1017 1182 1110 1247 άστει

57 1263 83 1389 ᾗ
92 1294 268 1363 ποιοῦντες
300 1285 437 1371 φανερά.
478 1294 582 1351 ταῦτα
613 1287 654 1350 τά
685 1286 860 1372 γράμματα
889 1290 1051 1371 λαβόντες
1079 1289 1114 1354 οί

93 1390 371 1475 καταλειφθέντες
398 1390 463 1457 ὑπὸ
486 1400 547 1456 τού
570 1392 732 1475 βασιλέως
753 1394 897 1479 ὕπαρχοι
922 1397 1023 1471 Τίτος
1039 1390 1114 1481 Ἑρ-

93 1500 205 1583 μίνιος
233 1494 289 1562 καὶ
316 1497 456 1583 Μάρκος
477 1494 626 1584 Ὁράτιος
654 1497 848 1582 ἀνέγνωσαν
876 1498 912 1565 έν
941 1499 1114 1589 ἐκκλησίᾳ·

94 1602 149 1670 καὶ
168 1604 303 1688 γνώμας
318 1605 578 1691 διερωτήσαντες
590 1607 673 1672 κατά
687 1608 816 1689 λόχους,
837 1607 901 1671 ὅτι
914 1607 977 1693 χρὴ
992 1618 1151 1692 ποιεῖν,εά

95 1710 208 1794 ἐπειδὴ
237 1719 339 1776 πᾶσιν
367 1710 474 1796 ἐφάνη
500 1713 599 1798 κύρια
622 1713 779 1796 ἡγεῖσθαι
801 1712 842 1776 τά
863 1710 1026 1798 κριθέντα
1047 1715 1115 1781 ὑπὸ

60 1845 84 1886 15
94 1829 152 1904 της
180 1821 321 1896 πόλεως,
353 1818 462 1884 οὐκέτι
490 1820 732 1906 προσδέχονται
753 1819 1031 1905 παραγενηθέντα
1053 1823 1115 1888 τὸν

59 1926 296 2010 4Ταρκύνιον.
344 1925 512 2004 ἀπωσθείς
539 1928 581 2011 δὴ
608 1924 662 1992 καὶ
691 1926 812 2010 ταύτης
836 1926 853 1993 ὁ
877 1929 1035 2010 βασιλεὺς
1057 1937 1116 2013 τῆς

96 2033 230 2110 ἐλπίδος
253 2034 371 2118 φεύγει
394 2037 458 2099 σὺν
481 2033 607 2118 ὀλίγοις
631 2035 678 2111 είς
702 2036 836 2117 Γαβίων
859 2036 969 2118 πόλιν,
992 2029 1033 2118 ἧς
1055 2038 1115 2119 βα-

96 2141 189 2207 σιλέα
211 2143 272 2206 τὸν
294 2141 521 2227 πρεσβύτερον
544 2139 693 2220 ἀπέδειξε
715 2150 782 2206 τῶν
803 2141 888 2206 υίῶν
906 2139 1045 2224 Σέξτον,
1070 2143 1116 2220 ὡς

96 2248 151 2314 καί
179 2252 342 2335 πρότερον
368 2251 467 2333 έφην·
504 2248 636 2331 ἡλικίαν
659 2244 722 2333 μὲν
745 2249 809 2331 ἤδη
832 2248 948 2324 πολιὸς
972 2248 1032 2331 ὥν,
1056 2251 1113 2332 ἔτη

59 2353 133 2421 ιοδὲ
160 2356 257 2422 πέντε
284 2352 340 2420 καὶ
368 2360 473 2421 είκοσι
499 2356 561 2439 τὴν
589 2357 761 2439 βασιλείαν
789 2355 972 2439 κατασχών.
1019 2356 1055 2420 οί
1076 2353 1114 2421 δὲ

96 2461 171 2548 περὶ
203 2463 263 2527 τὸν
286 2457 457 2547 Ἑρμίνιόν
489 2484 524 2527 τε
556 2459 611 2527 καί
638 2463 697 2526 τὸν
721 2455 872 2547 Ὁράτιον
901 2459 1025 2544 ἀνοχάς
1051 2470 1114 2526 τοῦ

95 2568 243 2652 πολέμου
273 2568 556 2654 καταστησάμενοι
583 2569 666 2654 πρὸς
692 2568 771 2644 τοὺς
794 2565 971 2652 Ἀρδεάτας
998 2588 1113 2634 πεντε-

96 2675 316 2752 καιδεκαετεῖς
335 2673 508 2757 ἀπήγαγον
532 2668 582 2740 ἐπ’
604 2680 698 2740 οίκου
717 2675 775 2750 τάς
794 2674 960 2759 δυνάμεις.
995 2673 1030 2757 [ἡ
1051 2672 1113 2760 μὲν

97 2783 138 2864 δὴ
171 2782 325 2864 βασιλικὴ
357 2784 506 2846 πολιτεία
538 2783 735 2866 διαμείνασα
762 2782 843 2865 μετὰ
869 2781 929 2846 τὸν
958 2783 1113 2867 οἰκισμὸν

167 3016 184 3065 8
202 3018 252 3064 τοῦ
271 3008 336 3064 add.
355 3008 404 3064 ΒΟ
469 3016 484 3063 9
502 3017 552 3063 τοῦ
571 3006 712 3080 τυράννου
731 3024 800 3062 corr.
821 3024 855 3062 ex
872 3009 937 3070 τοὺς
954 3007 1114 3079 τυράννους

96 3083 142 3136 Ba
177 3089 227 3135 τοῦ
249 3079 390 3151 τυράννου
409 3079 485 3134 Assb
545 3087 577 3134 11
599 3077 732 3153 βασιλέως
753 3078 806 3133 ΑΒ
843 3078 984 3148 τυράννου
1002 3079 1029 3133 R
1046 3083 1114 3150 post

95 3153 169 3207 hanc
191 3168 289 3207 vocem
311 3145 342 3206 in
360 3149 409 3204 OD
446 3152 579 3220 leguntur
601 3150 688 3205 verba
711 3148 752 3213 είς
773 3150 804 3204 τὸ
829 3148 1020 3220 στρατόπεδον
1039 3169 1113 3220 quae

96 3227 162 3294 post
178 3223 338 3295 Ταρκύνιον
352 3241 377 3277 v.
389 3228 421 3277 16
441 3222 606 3278 collocanda
625 3238 686 3276 esse
701 3224 797 3276 censet
812 3220 936 3276 Sintenis
951 3221 1013 3277 Em.
1028 3223 1112 3279 Dion.

95 3295 152 3352 118
174 3299 177 3365 Ι
198 3294 320 3366 ὕπαρχοι
339 3293 403 3347 add.
422 3294 445 3347 B
483 3291 600 3365 ἔπαρχοι
619 3310 642 3349 ο.
661 3291 805 3361 Kiessling
878 3299 912 3347 22
931 3291 1113 3368 <καταστη>-

96 3364 654 3506 gifflosstssexfivifflofflgxtsarceffetita
672 3363 864 3504 Ιὲέοεέίέάέίυέ
880 3362 1056 3490 εζὲοδαέδδᾳῃθ
1075 3366 1112 3419 ad
