2414 3840
96 169 139 235 28
523 173 687 222 -Δ-

96 335 375 416 τιθασσευόμενοι
397 330 481 417 μέγα
498 353 530 396 τι
547 329 603 397 καλ
623 334 746 417 σεμνὸν
766 331 887 418 έχούση
907 331 1120 420 χαριέστεροι

96 443 256 522 γίνωνται
278 435 354 523 περὶ
377 440 456 515 τοὺς
475 438 636 515 δεσπότας
653 437 709 504 καὶ
727 441 768 504 τὰ
786 440 919 525 λυπηρὰ
936 447 995 522 τῆς
1012 441 1119 524 τύχης

96 539 195 628 ἦττον
219 544 440 630 βαρύνωνται.

163 669 236 734 XV.
272 673 387 733 Διείλε
420 664 457 733 δὲ
488 666 544 734 καὶ
570 670 632 753 τὴν
660 671 774 756 χώραν
801 671 947 753 ἅπασαν,
980 670 1025 746 ὡς
1053 665 1128 753 μὲν,

70 774 226 859 όΦύβιός
253 791 374 860 φησιν,
406 776 452 851 είς
479 777 598 860 μοίρας
625 773 659 854 έξ
685 799 721 841 τε
748 773 803 841 καὶ
827 781 969 859 είκοσιν,
998 774 1037 862 ὁλς
1059 773 1115 841 καὶ

97 881 199 958 αύτδις
221 886 316 947 καλεί
336 882 445 965 φυλὰς
467 879 523 946 καὶ
545 882 603 958 τδις
626 881 759 960 ἀστικὰς
781 879 976 969 προστιθεὶς
998 881 1115 959 αύταίς

96 966 265 1074 τέτταρας·
298 987 343 1065 ὡς
372 983 410 1053 δὲ
438 987 651 1066 Οὐεννώνιος
679 990 868 1075 ίστόρηκεν,
898 989 945 1064 είς
972 989 1053 1072 μίαν
1080 1009 1116 1052 τε

96 1091 151 1159 καλ
178 1094 371 1181 τριάκοντα,
402 1094 485 1158 ὥστε
514 1097 579 1159 σὺν
602 1105 673 1172 ταῖς
696 1096 778 1159 κατὰ
801 1096 900 1159 πόλιν
923 1094 1041 1170 οὔσαις
1064 1091 1115 1158 έκ-

96 1205 337 1284 πεπληρῶσθαι
364 1199 422 1275 τδις
449 1201 497 1264 έτι
525 1198 581 1265 καὶ
609 1202 656 1278 είς
682 1201 767 1285 ἡμᾶς
789 1199 1002 1285 ὑπαρχούσας
1024 1199 1116 1284 τριό-

57 1326 83 1365 10
96 1329 198 1372 κοντα
221 1305 277 1372 καὶ
300 1303 397 1370 πέντε
421 1306 544 1390 φυλύς·
577 1307 699 1372 Κάτων
723 1305 837 1392 μέντοι
859 1307 988 1372 τούτων
1007 1305 1162 1391 ἀμφο-σιι

96 1413 202 1500 τέρων
226 1411 492 1498 ἀξιοπιστότερος
511 1413 559 1478 ῶν
577 1413 755 1497 τριάκοντα
774 1408 883 1498 φυλδις
897 1410 952 1479 ἐπὶ
968 1415 1116 1478 Τυλλίου

97 1521 155 1597 τδις
178 1520 285 1595 πόσας
306 1514 467 1601 γενέσθαι
489 1515 578 1601 λέγει
600 1518 656 1585 καί
679 1520 720 1586 ού
744 1521 874 1605 χωρίζει
897 1529 964 1583 τῶν
986 1529 1116 1604 μοιρῶν

62 1627 156 1692 2τὸν
188 1626 344 1712 ἀριθμόν.
383 1623 503 1688 διελὼν
537 1619 566 1688 δ’
598 1619 661 1690 οὖν
694 1626 712 1690 ὁ
746 1625 888 1701 Τύλλιος
915 1626 962 1701 είς
990 1624 1117 1703 ὁπόσας

98 1735 220 1817 δήποτε
238 1732 356 1816 μοίρας
372 1731 435 1814 τὴν
453 1738 518 1814 γῆν
536 1733 618 1796 κατὰ
637 1733 717 1808 τοὺς
736 1731 889 1814 ὀρεινοὺς
906 1728 962 1795 καί
975 1735 1063 1796 πολὺ
1077 1733 1116 1796 τὸ

58 1859 84 1899 15
98 1835 244 1924 ἀσφαλὲς
267 1845 337 1914 τοίς
359 1846 520 1920 γεωργοῖς
542 1836 699 1924 παρέχειν
718 1835 969 1922 δυνησομένους
988 1840 1118 1923 ὄχθους

97 1944 312 2032 κρησφύγετα
333 1937 591 2027 κατεσκεύασεν,
614 1939 822 2028 Ἑλληνικοῖς
844 1944 1008 2028 ὀνόμασιν
1032 1945 1118 2010 αύτδι

51 2033 54 2040 ’
97 2056 208 2118 καλῶν
224 2049 370 2132 Πύγους,
395 2050 481 2114 ἔνθα
504 2047 715 2134 συνέφευγον
738 2049 774 2116 ἐκ
791 2059 859 2115 τῶν
879 2050 992 2137 ἀγρῶν
1010 2051 1117 2116 ἀπαν-

97 2182 164 2241 τες,
198 2155 296 2222 ὁπότε
327 2152 458 2237 γένοιτο
490 2158 659 2240 πολεμίων
686 2156 824 2241 ἔφοδος,
857 2154 913 2220 καὶ
940 2158 981 2221 τδι
1007 2159 1118 2223 πολλὰ

63 2266 83 2330 3
99 2259 353 2347 διενυκτέρευον
373 2260 529 2328 ἐνταῦθα.
564 2263 721 2347 ἀρχοντες
740 2259 778 2327 δὲ
795 2259 852 2327 καί
869 2263 998 2328 τούτων
1017 2259 1117 2349 ἦσαν,

58 2391 85 2430 ιο
99 2362 149 2448 οἷς
177 2365 326 2454 ἐπιμελὲς
354 2369 480 2453 ἐγίνετο
507 2364 601 2433 τότ’
628 2369 776 2454 ὀνόματα
798 2378 866 2434 τῶν
888 2379 1047 2455 γεωργῶν
1072 2371 1117 2434 εί-

99 2475 194 2542 δέναι
222 2484 291 2540 τῶν
325 2477 579 2542 συντελούντων
611 2477 658 2553 είς
684 2476 744 2540 τὸν
772 2475 875 2540 αὐτὸν
905 2474 1028 2559 πάγον,
1060 2474 1118 2541 καὶ

172 2720 497 2790 1τιθαυσευόμενοιΒυ
546 2720 741 2794 4διεῖλ<ε>Β
797 2719 978 2776 ότεωδδ.Β
1034 2721 1117 2775 θαύ-

98 2793 149 2856 τὰς
166 2792 189 2845 Β
227 2793 311 2855 αύτὸς
329 2792 355 2844 R
370 2801 374 2859 Ι
391 2788 485 2847 ἔκολλει
503 2790 608 2846 Reiske
685 2798 699 2845 7
719 2792 785 2861 post
807 2789 941 2859 τέτταρας
960 2793 1118 2859 sequuntur

98 2863 170 2918 ino
198 2865 269 2918 haec
292 2863 391 2918 verba:
416 2861 569 2933 τριάκοντα
589 2861 680 2932 φυλδις
702 2860 870 2933 ἀμφοτέρων
892 2860 994 2916 Κάτων
1018 2860 1117 2932 μέντοι

98 2935 205 2991 τούτων
229 2929 275 2989 ἐπὶ
297 2935 414 2988 Τυλλίου
437 2933 486 2996 τδις
508 2932 601 2996 πόσας
623 2931 760 3003 γενέσθαι
782 2931 868 3002 λέγει,
891 2931 922 2985 in
944 2931 1024 2986 ACD
1049 2935 1116 2988 ante

98 3005 252 3077 τριάκοντα
270 3004 376 3074 legitur
394 3006 450 3059 καί.
479 3004 574 3058 Verba
587 3003 688 3058 Κάτων
707 3001 803 3074 μέντοι
821 3003 927 3058 τούτων
947 3002 1116 3074 ἀμφοτέρων

98 3077 214 3146 Sigonio
239 3076 353 3132 auctore
376 3074 548 3129 Niebuhrius
571 3074 644 3130 Hist.
663 3091 732 3140 rom.
751 3074 764 3126 Ι
782 3076 840 3129 σοί.
861 3080 912 3128 973
935 3076 1001 3142 post
1024 3075 1116 3144 φυλὰς

97 3167 123 3206 v.
145 3155 179 3204 10
202 3145 392 3216 transposuit,
416 3163 500 3214 quem
519 3147 630 3200 secutus
650 3146 694 3199 est
711 3144 909 3214 Kiesslingius.
947 3144 1008 3213 Ego
1027 3145 1118 3199 verba

97 3221 152 3277 hoc
175 3218 259 3273 modo
283 3217 448 3272 collocanda
472 3233 533 3270 esse
557 3216 654 3271 censui
732 3223 760 3271 ‘8
784 3214 907 3271 ὥστε-
924 3231 951 3271 v.
973 3222 1006 3269 10
1029 3214 1115 3271 πέντε

99 3309 152 3347 om.
174 3289 196 3345 Ο
215 3292 328 3359 praeter
346 3287 395 3342 BC
449 3294 482 3342 12
501 3287 552 3350 τὰς
570 3285 717 3357 συμπάσας
734 3302 757 3342 ο.
777 3286 922 3355 Kiessling
937 3289 941 3354 Ι
958 3287 1010 3356 οόχ
1029 3286 1116 3356 ὁρίζει

98 3364 124 3416 R
161 3362 212 3431 ούχ
231 3358 364 3430 ὡρίζειΒ
438 3364 471 3413 15
490 3357 637 3431 <όχθ>ους
654 3357 730 3411 ABb
768 3353 889 3429 ἐχθροὺς
907 3357 954 3410 Ba
1028 3365 1060 3412 18
1079 3358 1117 3412 τὰ

99 3432 201 3504 πολλὰ]
220 3433 339 3501 ποίμνια
358 3461 390 3470 -
411 3427 622 3500 διενυκτέρευεν
642 3446 664 3483 ο.
683 3428 827 3497 Kiessh‘ng
845 3428 889 3482 Pr.
908 3427 971 3482 Bas.
991 3446 1018 3497 p.
1035 3435 1069 3482 12
