2414 3840
524 153 689 203 -Δ-
1072 147 1116 212 43

92 337 163 379 των
192 313 398 400 πριαμένους
420 313 591 399 ἀμφότερα
612 321 716 378 ταῦτα
739 313 829 397 παρὰ
851 322 918 377 τῶν
942 310 1113 375 δεσποτῶν

93 419 245 506 ὑπάρξει.
283 419 467 505 ἐτύγχανον
492 416 528 485 δέ
548 428 606 504 της
625 417 819 504 ἐλευθερίας
837 417 874 482 οί
888 413 950 501 μέν
967 421 1152 488 πλείστοι4

95 537 219 612 προῖκα
253 527 309 592 διὰ
338 526 601 610 καλοκάγαθίαν·
638 524 694 591 καὶ
723 525 896 612 κράτιστος
926 524 1116 608 ἀπαλλαγῆς

70 624 272 699 δεσποτῶν
304 635 427 720 τρόπος
459 627 557 711 οὗτος
589 627 645 716 ἦν·
687 632 795 715 ὀλίγοι
829 628 869 696 δό
897 654 986 707 τινες
1013 631 1117 714 λύτρα

96 738 333 817 κατατιθέντες
359 739 393 818 ἐξ
426 739 529 805 ὁσίων
560 736 616 805 καλ
648 739 787 804 δικαίων
819 737 983 823 ἐργασιῶν
1016 755 1149 805 &vva-⁶

97 844 232 932 χθέντα.
280 841 352 911 ἀλλ’
378 845 440 912 οὐκ
472 846 509 912 ἐν
541 855 611 923 τοῖς
642 842 720 911 καθ’
747 835 832 929 ἡμᾶς
863 846 998 929 χρόνοις
1028 844 1116 909 οὕτω

97 948 191 1019 ταῦτ’
213 955 291 1037 ἔχει,
315 949 386 1019 ἀλλ’
409 954 455 1029 είς
478 953 644 1036 τοσαύτην
668 953 831 1038 σύγχυσιν
854 952 926 1035 ἥκει
948 951 989 1015 τά
1011 950 1116 1034 πράγ-

97 1083 185 1145 ματα
211 1059 269 1125 καὶ
295 1060 335 1125 τά
361 1061 446 1125 καλά
472 1068 530 1144 της
547 1056 717 1144 Ῥωμαίων
739 1062 866 1135 πόλεως
890 1058 995 1134 οὕτως
1018 1058 1117 1140 άτιμα

97 1166 153 1232 καὶ
186 1167 320 1253 ῥυπαρά
346 1165 500 1250 γέγονεν,
532 1163 617 1231 ὥσθ’
641 1168 675 1231 οί
700 1164 761 1251 μὲν
789 1165 853 1230 ἀπὸ
881 1166 1034 1249 λῃστείας
1061 1160 1116 1227 καὶ

96 1275 317 1360 τοιχωρυχίας
344 1271 399 1339 καὶ
425 1274 583 1360 πορνείας
609 1271 664 1338 καὶ
690 1273 813 1349 παντὸς
836 1272 941 1337 ἀλλον
963 1278 1115 1356 πονηροῦ
1134 1300 1161 1339 ιο

96 1384 206 1467 πόρου
225 1380 506 1465 χρηματισάμενοι
523 1382 653 1446 τούτων
673 1379 839 1445 ὠνοῦνται
857 1389 924 1444 τῶν
938 1377 1115 1463 χρημάτων

44 1489 159 1571 θυθτὴν
189 1487 387 1572 ἐλευθερίαν
413 1485 479 1571 καί
495 1487 602 1564 εὐθύς
628 1489 692 1552 είσι
710 1482 878 1571 Ῥωμαῖοι·
915 1487 950 1551 οί
977 1481 1014 1549 δὲ
1037 1491 1152 1556 συν·5

98 1599 229 1680 ίστορες
258 1591 314 1659 καὶ
343 1592 500 1679 συνεργοὶ
527 1603 598 1670 τοίς
626 1594 801 1669 δεσπόταις
827 1595 1001 1678 γενόμενοι
1030 1615 1116 1674 φαρ-

97 1711 246 1786 μακειῶν
277 1698 334 1765 καὶ
365 1699 602 1786 ἀνδροφονιῶν
633 1698 689 1764 καὶ
720 1709 787 1764 τῶν
820 1698 867 1774 είς
897 1700 1001 1775 θεοὺς
1028 1696 1048 1780 ἢ
1076 1698 1114 1760 τὸ

97 1809 216 1874 κοινὸν
248 1807 460 1891 ἀδικημάτων
487 1807 607 1884 ταύτας
633 1805 794 1892 φέρονται
821 1802 897 1890 παρ’
926 1803 1037 1869 αὐτῶν
1060 1804 1153 1879 τὰςιτ

97 1915 247 1999 χάριτας·
282 1913 318 1978 oc
338 1908 369 1978 δ’
390 1914 447 1978 ’ίνα
469 1913 529 1978 τὸν
553 1913 696 1999 δημοσίᾳ
720 1913 900 1996 διδόμενον
924 1921 1018 1976 σίτον
1036 1915 1117 1995 λαμ-

98 2023 261 2104 βάνοντες
287 2021 370 2084 κατά
397 2028 485 2104 μῆνα
507 2017 564 2084 καὶ
587 2024 620 2084 εί
637 2041 688 2096 τις
710 2020 792 2102 άλλη
816 2019 905 2103 παρά
926 2028 994 2083 τῶν
1017 2017 1117 2101 ἡγου-

98 2126 211 2211 μένων
229 2127 379 2209 γίγνοιτο
397 2137 469 2203 τοῖς
484 2125 622 2212 ἀπόροις
635 2135 703 2190 τῶν
717 2130 862 2190 πολιτῶν
876 2126 1117 2210 φιλανθρωπία

98 2232 230 2320 φέρωσι
266 2242 336 2309 τοῖς
373 2232 536 2297 δεδωκόσι
572 2233 634 2316 τὴν
666 2231 877 2317 ἐλευθερίαν·
925 2230 961 2295 οί
990 2225 1027 2294 δὲ
1060 2231 1116 2294 διά

98 2342 292 2424 κουφότητα
310 2348 377 2404 τῶν
396 2341 568 2404 δεσποτῶν
586 2336 641 2403 καὶ
659 2339 761 2422 κενὴν
776 2337 985 2416 δοξοκοπίαν.
1016 2333 1112 2419 ἔγωγ’

100 2443 164 2511 οὖν
197 2446 375 2530 ἐπίσταμαί
399 2468 492 2522 τινας
519 2446 621 2510 άπασι
648 2453 718 2522 τοῖς
746 2444 881 2520 δούλοις
909 2458 1117 2528 συγκεχωρη-

99 2556 199 2630 κότας
222 2547 310 2618 εἶναι
332 2550 525 2637 ἐλευθέροις
547 2553 627 2636 μετὰ
648 2553 707 2628 τάς
727 2549 854 2616 ἑαυτῶν
872 2551 1036 2634 τελευτάς,
1060 2550 1117 2616 ίνα

99 2657 239 2746 χρηστοὶ
266 2664 431 2724 καλῶνται
456 2657 569 2745 νεκροὶ
591 2656 647 2724 καλ
669 2656 788 2724 πολλοὶ
811 2668 882 2736 ταῖς
904 2659 1033 2735 κλίναις
1059 2659 1117 2724 αὐ-

99 2778 168 2832 τῶν
187 2763 453 2852 ἐκκομιζομέναις
468 2770 750 2852 παρακολουθῶσι
763 2767 842 2842 τοὺς
854 2768 972 2842 πίλους
986 2767 1118 2850 ἔχοντες

99 2871 155 2939 ἐπὶ
186 2884 259 2951 ταῖς
290 2877 461 2956 κεφαλαῖς·
498 2871 535 2937 ἐν
568 2864 618 2949 οἷς
650 2872 838 2956 ἐπόμπευόν
865 2895 968 2954 τινες,
1002 2873 1047 2948 ὡς
1072 2867 1116 2954 ἦν
1134 2894 1161 2935 ει

1131 2309 1151 2374 6

1135 2397 1162 2437 20

98 3063 275 3135 πριαμένους
293 3063 440 3135 ἀμφότερα
458 3073 547 3120 ταῦτα
565 3064 644 3133 παρὰ
662 3073 718 3120 τῶν
736 3067 880 3120 δεσποτῶν
893 3062 1013 3133 ὑπάρξει
1029 3060 1117 3126 αὖθις

97 3146 156 3192 τῶν
173 3134 358 3206 κτησαμένων
377 3137 479 3199 αὐτοὺς
498 3135 537 3201 είς
557 3137 688 3191 δουλείαν
708 3135 729 3191 Ο
749 3139 862 3206 praeter
880 3135 934 3190 AB

173 3206 287 3276 1παρδι
305 3207 454 3261 τούτωνΑ
509 3205 719 3276 θόπάρξεινΑ
770 3205 913 3263 θούτωΒ
966 3210 998 3260 11
1013 3203 1114 3272 πόρου]

97 3278 208 3349 τρόπον
226 3295 249 3333 c.
268 3277 412 3346 Kieseling
485 3285 517 3333 16
537 3276 567 3333 οί
582 3280 664 3332 δεῖνα
682 3277 728 3331 Ba
747 3276 776 3333 οί
792 3276 821 3332 δ’
838 3278 886 3331 ἵνα
904 3277 930 3330 R
954 3278 958 3342 Ι
984 3273 1117 3342 δημοσίαι

97 3350 122 3403 Β
188 3355 223 3403 20
242 3344 296 3418 ἐγὼ
316 3348 428 3418 χοῦνΑ
491 3357 525 3403 ⁴23
544 3350 661 3418 χρηστοί
676 3368 705 3403 τε
725 3365 747 3402 c.
766 3346 905 3402 Biicheler
971 3350 1006 3397 24
1024 3359 1118 3409 παρα-

97 3423 274 3476 κολουθοῦσι
292 3419 318 3473 Α
334 3424 338 3489 Ι
353 3421 417 3483 τοὺς
435 3421 533 3484 πίλους
551 3419 627 3473 ABb
664 3420 729 3483 τοὺς
748 3421 861 3478 σπίλους
879 3416 925 3467 Ba
