2414 3840
512 169 673 218 ...ς-

88 329 191 411 φαίας
215 325 402 410 ἐποιοῦντο,
426 326 481 392 καὶ
505 326 678 414 διέτριψαν
701 325 762 413 μὲν
784 329 860 413 ἀχρι
877 331 969 406 τινὸς
988 329 1103 414 διαφέ-

88 455 205 519 ροντες
226 435 286 498 τὸν
308 435 467 519 πόλεμον·
500 434 541 499 οὐ
564 432 716 519 μέντοιγε
736 434 967 500 διασώσασθαι
986 434 1103 501 ἀθῶον

87 540 149 622 τήν
174 541 333 622 στρατιὰν
351 538 568 624 ἐδυνήθησαν
587 539 795 626 ἐπιθεμένων
813 540 928 618 αὐτοῖς
945 550 1013 606 τών
1027 536 1103 606 Ῥω-

88 650 198 730 μαίων
221 644 258 710 ἐν
280 646 415 731 χωρίοις
436 647 646 730 κρημνώδεσι
665 651 837 732 τολμηρῶς
854 645 910 712 καὶ
928 650 1102 731 λαβόντων

88 753 125 817 τὸ
154 752 379 836 στρατόπεδον
403 754 486 817 κατὰ
509 746 636 838 κρότος.
682 756 793 818 ἔπειτα
816 757 909 838 φυχή
932 751 964 817 τ’
991 754 1129 819 αὐτώυε

88 857 125 923 ἐκ
151 865 210 941 τής
231 860 388 923 Λατίνων
416 867 476 943 χής
499 857 630 941 ἐγένετο
653 856 709 923 καί
731 860 932 943 παραδόσεις
954 869 1021 924 τών
1044 863 1103 924 πό-

88 969 190 1046 λεων,
218 963 257 1040 ἀς
285 967 404 1048 ἐτυχου
432 964 543 1030 αὑτῶν
570 972 611 1049 τῇ
638 965 751 1050 πρώτη
781 963 892 1052 ἐφόδῳ
919 967 1103 1049 καταλαβό-

88 1093 199 1154 μενοι,
227 1068 290 1136 είσὶ
315 1069 348 1134 δ’
376 1065 423 1135 ὧν
446 1067 502 1135 καὶ
525 1068 561 1134 ἐκ
584 1072 791 1154 φιλονεικίας
814 1070 876 1135 οὐκ
899 1069 1104 1136 ἐκλιπόντων

88 1178 146 1252 τὰς
168 1176 271 1261 ἀκρας
294 1175 442 1253 ἁλώσεις.
471 1217 477 1228 ·
984 1171 989 1178 ’

34 1306 87 1358 ι136
155 1299 339 1364 ΧΧΧΧΙΙΙ.
379 1300 561 1386 Οὐαλέριος
593 1296 632 1365 δὲ
662 1302 745 1365 κατδι
775 1308 860 1367 νοῦν
892 1305 1104 1387 χωρήσαντος
1118 1322 1144 1362 ιο

88 1405 178 1493 αὐτῷ
213 1414 274 1470 τοῦ
305 1405 453 1490 πολέμου
485 1409 544 1472 τὸν
577 1408 721 1472 εἰωθότα
753 1410 923 1493 θρίαμβον
954 1407 1018 1473 ἀπὸ
1046 1416 1104 1492 τῆς

87 1513 182 1594 νίκης
209 1513 406 1595 καταγαγών
433 1510 576 1578 ἀπέλυσε
602 1514 662 1578 τὸν
690 1513 798 1595 δῆμον
826 1512 889 1577 ἀπὸ
917 1523 976 1596 τῆς
1006 1530 1104 1600 στρα-

86 1620 191 1700 τείας,
215 1617 308 1681 ούπω
332 1626 389 1702 τής
413 1620 536 1701 βουλῆς
558 1618 676 1703 καιρὸν
699 1611 786 1682 εἶναι
807 1619 1023 1702 νομιζούσης,
1047 1621 1104 1685 ἵνα

87 1724 132 1808 μή
164 1724 223 1811 τὰς
249 1722 443 1809 ὑποσχέσεις
470 1723 641 1788 ἀπαιτοῖεν
669 1723 705 1787 οί
729 1723 863 1809 ἀποροι·
900 1725 948 1800 είς
975 1721 1012 1788 δὲ
1040 1727 1102 1808 τήν

87 1829 300 1913 δορίκτητον,
332 1829 375 1912 ἣν
404 1828 640 1905 Οὐολούσκους
667 1828 861 1913 ἀφείλοντο,
894 1830 1102 1914 κληρούχους
1116 1849 1142 1890 15

87 1932 278 2001 ἀπέστειλεν
303 1934 451 2013 ἐπιλέξας
475 1936 600 2020 ἀνδρας
623 1934 659 2000 ἐκ
681 1945 749 2000 τών
768 1934 914 2021 ἀπόρων,
940 1938 975 2000 οἳ
990 1938 1050 2020 τήν
1068 1959 1103 2001 τε

86 2043 249 2124 πολεμίαν
272 2044 479 2128 φρουρήσειν
502 2044 640 2125 ἔμελλον
662 2037 717 2107 καί
739 2042 777 2106 τὸ
797 2039 834 2107 ἐν
853 2050 892 2127 τη
911 2044 1006 2107 πόλει
1025 2059 1101 2106 στα-

88 2147 203 2225 σιάζον
222 2149 360 2213 ἐλαττον
378 2147 580 2225 ἀπολείψειν.
613 2156 715 2213 ταῦτα
735 2148 989 2232 διοικησάμενος
1006 2147 1138 2232 ήξίου2

86 2254 149 2336 τήν
167 2255 295 2337 βουλήν
313 2255 371 2331 τὰς
390 2250 584 2338 ὑποσχέσεις
602 2253 691 2340 αὐτῷ
711 2256 891 2337 βεβαιῶσαι
910 2253 1103 2339 κεκομισμέ-

85 2383 152 2442 νην
178 2362 216 2425 τὸ
242 2362 332 2446 παρὰ
353 2368 414 2425 τοῦ
436 2362 588 2442 πλήθους
610 2362 790 2445 πρόθυμον
814 2359 943 2436 ἐντοῖς
966 2360 1101 2444 ἀχώσιν.
1116 2379 1143 2419 νο

86 2466 132 2543 ώς
160 2463 191 2530 δ’
215 2466 255 2532 οῦ
277 2476 454 2552 προσεῖχεν
477 2465 567 2552 αύτῷ
590 2466 650 2530 τὸν
673 2474 774 2548 νοῦν,
803 2459 887 2547 ἀλλ’,
917 2466 998 2552 ὅπερ
1020 2470 1102 2552 πρό·

86 2596 184 2658 τερον
217 2573 432 2656 ἠναντιοῦτο,
467 2581 507 2657 τη
538 2573 654 2657 γνώμη
687 2571 931 2658 συστρέψαντες
963 2570 1103 2650 ἑαυτοὺς

86 2678 159 2744 νέοι
186 2675 242 2743 καὶ
265 2681 369 2762 βίαιοι
392 2675 447 2744 καὶ
469 2680 592 2761 πλήθει
615 2688 682 2743 τών
705 2675 827 2763 ἑτέρων
850 2677 1103 2765 ἐπικρατοῦντες

34 2783 142 2850 137καὶ
165 2787 239 2850 τότε
258 2784 482 2872 ἀντέπραττον
501 2783 555 2850 καὶ
573 2789 680 2869 πολλή
697 2788 844 2870 καταβοή
861 2783 1017 2872 ἐχρῶντο,
1040 2788 1103 2870 τήν

87 2893 198 2957 οίκίαν
231 2892 334 2957 αὐτοῦ
372 2893 583 2976 δημοκόλακα
620 2890 864 2975 ἀποφαίνοντες
899 2891 954 2957 καί
988 2896 1102 2978 νόμων
1116 2909 1142 2949 25

158 3143 175 3191 4
193 3141 340 3207 τολμηροῖς
357 3137 404 3191 Ba
486 3141 501 3191 6
522 3130 554 3189 ἐκ
572 3142 622 3204 τῆς
640 3137 770 3190 Λατίνων
788 3135 819 3190 in
837 3153 891 3190 rae.
911 3138 971 3204 Ba,
990 3151 1101 3189 erasum

84 3207 200 3262 videtur
217 3215 250 3278 τη
269 3207 364 3277 πρώτη
384 3201 479 3279 ἐφόδῳ
495 3208 500 3274 Ι
515 3213 571 3260 τῶν
590 3205 656 3260 add.
675 3206 698 3259 B
753 3213 769 3261 8
789 3204 846 3262 ἔστι
865 3204 896 3261 δὲ
915 3206 939 3257 Β
994 3212 1009 3259 9
1030 3203 1101 3258 ἀλω-

84 3278 169 3341 σιςΟ
193 3294 263 3333 corr.
286 3277 389 3332 Reiske
481 3282 514 3331 15
533 3276 748 3348 δορύκτητονΟ
839 3283 872 3331 18
891 3273 1100 3343 ἀπολείψεινΟ

84 3350 248 3414 ἀποδείξειν
267 3366 289 3404 ο.
309 3347 453 3418 Kiessling
524 3353 558 3402 21
579 3349 659 3420 οίπερ
678 3380 712 3390 -
731 3347 916 3415 ἠναντιοῦντο
936 3361 959 3398 c.
979 3344 1101 3415 Sylburg

84 3427 119 3476 25
139 3419 275 3474 αῦτῶνΟ
313 3420 400 3474 αὐτοῦ
418 3418 556 3474 Bfieheler
