2414 3840
110 169 152 233 70
535 177 700 226 -Δ-

108 335 230 416 ἔχουσα
262 339 385 416 μαθεῖν
419 325 492 399 οἷόν
524 358 555 399 τι
583 337 722 419 λήψεται
751 336 791 399 τά
818 336 993 420 πράγματα
1020 335 1128 420 τέλος,

107 437 161 504 ἐπὶ
192 447 250 522 τῆς
281 439 410 524 άπήνης
442 439 647 527 καθεζομένη
680 450 790 529 παρῆν
823 443 870 520 είς
896 443 957 527 τὴν
986 442 1127 530 άγοράν.

107 552 264 629 μαθοῦσα
293 542 330 611 δὲ
356 548 397 611 τά
423 550 587 633 γενόμενα
614 546 751 614 καὶτὸν
779 549 967 635 Ταρκύνιον
990 547 1043 615 ε’πὶ
1067 559 1183 633 τῆς739

15 669 17 673 ·
88 654 268 736 κρηπῖδος
305 652 428 719 ἑστῶτα
464 655 529 740 πρὸ
561 663 623 720 τοῦ
655 657 898 742 βουλευτηρίου
930 655 1126 741 θεασαμένη

80 757 247 841 εβασιλέα
274 754 306 824 τ’
338 760 441 826 αὐτὸν
468 761 638 845 ἠσπάσατο
666 762 780 848 πρώτη
810 762 934 847 μεγάλη
962 771 1002 848 τῇ
1026 772 1126 848 φωνῇ

105 864 161 930 καὶ
188 876 258 943 τοῖς
284 873 380 944 θεοῖς
403 866 519 946 εύξατο
543 866 595 934 ἐπὶ
618 875 664 956 τῷ
689 867 895 954 συμφέροντι
917 877 975 953 τῆς
996 871 1128 948 πόλεως

71 977 164 1056 2της
186 967 357 1058 Ῥωμαίων
386 974 448 1057 την
478 974 584 1060 ἀρχὴν
614 974 718 1040 αύτὸν
747 984 931 1059 κατασχεῖν.
977 975 1127 1042 άσπασα-

107 1077 218 1163 μένων
242 1077 280 1146 δὲ
302 1079 357 1145 καὶ
380 1082 582 1146 τῶνάλλων
606 1081 709 1147 αύτὸν
732 1081 777 1158 ὡς
799 1079 937 1164 βασιλέα
957 1093 1025 1147 τῶν
1043 1098 1147 1167 συγ-«

105 1187 422 1252 κατασκευασάντων
452 1188 514 1270 τὴν
549 1187 654 1273 ἀρχὴν
686 1189 836 1270 λαβοῦσα
868 1190 974 1272 μόνον
1006 1190 1126 1256 αὐτόν·

67 1312 92 1351 10
111 1294 158 1357 Τά
176 1288 237 1376 μὲν
255 1304 379 1379 πρῶτα,
400 1296 475 1377 ἔφη,
494 1293 679 1379 πέπρακταί
695 1310 760 1377 σοι,
788 1295 961 1378 Ταρκύνιε,
985 1297 1126 1362 κατὰτὸ

106 1397 198 1464 δέον·
222 1401 363 1482 βεβαίως
387 1395 424 1464 δὲ
446 1399 508 1483 τὴν
527 1402 700 1482 βασιλείαν
719 1402 809 1485 ἔχειν
827 1403 972 1465 Τυλλίου
990 1405 1127 1487 περιόν-

105 1530 161 1583 τος
184 1506 247 1572 οὐκ
270 1508 382 1571 ἔνεστί
401 1522 464 1571 σοι.
501 1505 773 1591 ἐκδημαγωγήσει
791 1508 855 1592 γάρ
875 1501 976 1584 αὖθις
994 1505 1048 1573 ἐπὶ
1070 1508 1127 1576 σοὶ

104 1614 165 1678 τὸν
201 1614 318 1698 όχλον,
355 1612 414 1678 έδιν
446 1610 501 1677 καὶ
534 1612 724 1678 ὁποσονοῦν
756 1613 879 1696 ταύτης
910 1622 968 1697 τῆς
999 1613 1128 1700 ἡμέρας

104 1719 317 1807 περιγένηται
347 1722 486 1805 χρόνον·
524 1718 697 1784 ἐπίστασαι
726 1716 773 1803 δ’,
806 1719 851 1796 ὡς
879 1720 1002 1785 εῦνουν
1033 1720 1128 1787 ἐστὶν

66 1845 92 1886 15
106 1827 195 1916 αὐτῷ
214 1829 251 1892 τὸ
272 1828 451 1911 δημοτικὸν
471 1827 571 1891 ἅπαν·
596 1825 679 1890 ἀλλά
697 1824 753 1892 καὶ
770 1824 852 1912 πρὶν
870 1827 917 1902 είς
934 1827 997 1910 τὴν
1014 1830 1128 1894 οἰκίαν

107 1933 210 1999 αὐτὸν
234 1935 415 2014 εἰσελθεῖν,
441 1932 637 2009 ἀποστείλας
659 1934 738 2009 τοὺς
761 1931 1051 2018 διαχρησομένους
1075 1934 1128 2001 ε’κ-

71 2041 222 2105 3ποδῶν
245 2042 398 2123 ποίησον.
435 2037 534 2104 Ταῦτ’
558 2040 697 2104 εἰποῦσα
720 2036 776 2103 καὶ
798 2037 1005 2123 καθεζομένη
1024 2039 1128 2106 πάλιν

107 2145 160 2211 ἐπὶ
183 2155 241 2233 τῆς
264 2146 391 2231 άπηνης
413 2144 532 2233 ᾤχετο·
559 2145 744 2231 Ταρκύνιος
768 2141 806 2209 δὲ
828 2142 884 2210 καὶ
901 2141 993 2209 ταῦτ’
1012 2145 1128 2230 ὀρθῶς

107 2252 206 2332 δόξας
238 2255 299 2337 τὴν
327 2252 555 2335 ἀνοσιωτάτην
582 2261 725 2335 γυναῖκα
751 2250 977 2316 ὑποτίθεσθαι
1005 2252 1128 2337 πέμπει

67 2363 200 2438 εοτινάς
231 2372 299 2426 τῶν
330 2362 551 2446 θεραπόντων
583 2355 632 2425 ἐπ’
660 2357 762 2424 αὐτὸν
795 2361 931 2443 ἔχοντας
961 2356 1056 2443 ξίφη·
1094 2363 1132 2426 οἳ

106 2467 198 2551 τάχει
220 2472 333 2555 πολλῷ
356 2468 418 2550 τὴν
441 2465 563 2551 μεταξύ
587 2466 806 2543 διανύσαντες
824 2464 907 2530 ὁδὸν
925 2463 1025 2548 ἐγγὺς
1043 2467 1128 2532 όντα

106 2582 164 2657 τῆς
187 2576 293 2650 οἰκίας
316 2575 380 2657 ἤδη
399 2575 459 2638 τὸν
482 2574 627 2638 Τύλλιον
645 2574 886 2656 καταλαβόντες
904 2569 1127 2656 κατέσφαξαν.

107 2682 155 2744 έτι
178 2675 215 2743 δέ
238 2680 450 2761 νεοσφαγοῦς
473 2676 674 2764 ἐρριμμένου
697 2686 758 2743 τοῦ
781 2678 933 2762 σώματος
954 2676 1010 2743 καὶ
1029 2683 1179 2746 anal-'140

71 2787 226 2872 4ροντος
249 2786 270 2869 η
293 2786 447 2870 θυγάτηρ
470 2793 590 2871 παρῆν.
637 2793 756 2851 στενοῦ
780 2780 811 2849 δ’
833 2787 930 2862 όντος
951 2786 1042 2851 πάνυ
1064 2796 1127 2852 τοῦ

67 2910 93 2952 ει
109 2901 291 2975 στενωποῦ,
316 2889 361 2956 δι’
380 2886 421 2956 οὗ
439 2892 501 2974 την
520 2890 651 2976 άπηνην
670 2891 738 2956 έδει
758 2892 918 2974 διελθεῖν,
938 2891 976 2956 αί
990 2891 1128 2976 ἡμίονοι

107 3000 144 3064 τὸ
168 3008 284 3084 πτῶμα
306 2998 439 3063 ίδοῦσαι
458 2997 738 3084 διεταράχθησαν,
762 2994 817 3062 καὶ
836 2996 853 3062 ὁ
872 2999 1128 3083 προηγούμενος

109 3106 221 3171 αὐτῶν
245 3104 424 3191 ὀρεοκόμος
446 3104 568 3169 παθών
591 3128 623 3169 τι
646 3105 729 3189 πρὸς
751 3105 788 3169 τὸ
812 3112 871 3187 τῆς
893 3105 1003 3181 όύεως
1027 3103 1127 3171 έλεει-

177 3304 195 3352 4
213 3299 268 3369 πρὸ
287 3297 352 3354 add.
371 3298 393 3351 B
457 3303 472 3352 8
493 3297 529 3361 ὡς
548 3296 602 3353 del.
621 3296 745 3351 Reudler
762 3295 853 3352 Tiroc.
872 3295 933 3350 crit.
952 3314 981 3366 p.
999 3301 1035 3351 34
1093 3305 1126 3354 10

108 3367 163 3440 ἔφη
184 3368 290 3440 τὰμὲν
308 3377 405 3440 πρῶτα
424 3365 445 3423 ὦ
468 3369 606 3439 Ταρκύνιε
627 3367 649 3422 O
668 3372 781 3438 praeter
799 3367 822 3420 B
896 3373 929 3422 15
948 3367 998 3422 καὶ
1017 3368 1082 3425 add.
1102 3369 1127 3421 B

144 3448 176 3496 19
195 3439 361 3496 ὑποθέσθαι
380 3458 402 3496 c.
422 3439 567 3509 Kiessling
638 3446 672 3496 23
692 3437 903 3512 σπ<αί>ροντος
921 3438 944 3491 Β
