2414 3840
85 143 107 207 8
279 194 280 198 ,
515 146 680 194 -Δ-

85 326 155 370 των
178 306 242 390 γάρ
266 304 302 370 ἐν
325 312 370 391 τῷ
394 306 533 390 παρόντι
557 305 611 368 δεῖ
618 323 624 337 ·
662 303 743 369 ὅταν
767 301 804 369 δὲ
827 307 867 369 τά
889 315 1002 391 πρῶτα
1021 307 1102 391 ήμῖν

86 413 221 497 χωρήσῃ
253 413 336 476 κατά
367 420 466 493 νοῦν,
498 413 572 475 τότε
599 407 654 474 καὶ
682 410 718 476 ἐκ
744 419 806 475 τοῦ
834 421 984 496 φανεροῦ
1012 415 1100 500 πάση

90 517 231 602 δυνάμει
253 515 308 582 καὶ
331 514 408 601 μεθ’
432 517 544 581 ὅπλων
564 516 677 592 αὐτοῖς
696 515 798 600 ὁμόσε
815 527 1018 603 χωροῦντας,
1043 519 1101 585 ἐάν

88 625 153 707 ἀρα
184 620 239 688 καὶ
271 625 400 689 τούτων
433 622 501 708 δέη.
547 620 619 688 ἀλλ’
648 621 688 687 ού
721 624 833 706 δεήσει
860 624 1102 708 βουληθέντων

51 715 182 829 (ἐήμῶν
204 730 361 815 πράττειν
381 738 445 795 νῦν
464 729 485 793 ἀ
505 731 563 794 δεῖ.
600 733 675 794 τίνα
694 725 732 793 δέ
750 726 840 794 ταῦτ’
860 729 943 808 ἐστί;
968 741 1101 815 πρῶτον

88 831 150 918 μὲν
172 837 396 921 κρυπτώμεθα
418 837 478 901 τὸν
500 845 561 900 τοῦ
585 834 746 919 βασιλέως
768 836 919 901 θάνατον
941 834 997 900 καὶ
1019 839 1103 923 πρὸς

88 941 234 1018 ἀπαντας
258 940 471 1026 ἐξενεχθῆναι
489 942 802 1028 παρασκευάσωμεν,
826 943 878 1007 ὅτι
894 943 1026 1026 πληγήν
1045 944 1102 1007 ού-

89 1047 207 1130 δεμίαν
231 1049 297 1131 ἐχει
319 1050 462 1131 καίριον,
486 1043 565 1112 οἵτ’
588 1045 695 1133 ίατρολ
711 1046 898 1130 λεγέτωσαν
918 1047 955 1113 ἐν
974 1049 1102 1131 ὀλίγαις

86 1151 225 1238 ἡμέραις
243 1154 346 1218 αὐτὸν
365 1152 551 1231 ἀποδείξειν
566 1153 658 1236 ὑγιή·
691 1149 789 1217 ἔπειτ’
808 1153 872 1236 ἐγὼ
886 1159 1102 1238 προελθοῦσα

51 1285 75 1324 ιο
90 1260 137 1335 είς
159 1257 350 1343 τούμφανὲς
373 1259 436 1345 ἐρῶ
459 1261 542 1345 πρὸς
564 1260 624 1323 τὸν
649 1261 760 1343 ὄχλον,
785 1260 829 1336 ῶς
852 1260 894 1344 δή
913 1264 1102 1346 Ταρκυνίου

87 1388 144 1449 μοι
162 1360 254 1430 ταῦτ’
277 1367 381 1430 εἰπεῖν
400 1366 657 1449 ἐπισκήψαντος,
682 1366 733 1430 ὅτι
750 1366 886 1431 πάντων
906 1365 1103 1432 ἀποδείκνυ-

87 1487 143 1536 σιν
167 1471 364 1556 ἐπιμελητήν
387 1470 443 1536 καλ
467 1472 599 1555 φύλακα
619 1481 687 1536 τῶν
705 1466 733 1536 τ’
756 1473 853 1537 ἰδίων
874 1470 930 1536 καλ
948 1484 1016 1537 τῶν
1033 1497 1102 1538 κοι-

86 1588 167 1660 νῶν,
192 1576 253 1654 ἕως
276 1578 376 1654 αὐτὸς
399 1578 435 1643 ἐκ
456 1589 524 1643 τῶν
542 1579 740 1664 τραυμάτων
758 1578 855 1662 ὑγιής
872 1577 1020 1662 γένηται,
1042 1580 1102 1644 τὸν

86 1684 200 1770 ἕτερον
223 1693 290 1749 τῶν
314 1683 434 1750 ἑαυτοῦ
456 1688 626 1770 γαμβρῶν,
649 1687 686 1750 τὸ
710 1686 772 1749 σὸν
795 1686 946 1768 είποῦσα,
970 1681 995 1749 ὦ
1019 1686 1102 1750 Τύλ-

51 1813 74 1855 ιτ
87 1797 152 1875 λιε,
180 1794 286 1877 ὄνομα
309 1795 400 1857 ἐσται
424 1786 454 1856 δ’
482 1792 543 1856 οὐκ
565 1793 684 1856 ἀκονσι
701 1786 888 1881 Ῥωμαίοις,
916 1790 999 1856 ἀλλὰ
1022 1795 1102 1874 βου-

87 1897 242 1982 λομένοις
270 1899 335 1964 ύπδ
364 1907 427 1963 σοῦ
449 1898 510 1981 τήν
534 1901 633 1963 πόλιν
656 1897 949 1983 ἐπιτροπεύεσθαι,
976 1894 1036 1980 ὑφ’
1059 1893 1101 1963 οὗ

53 2005 245 2081 ’ίπολλάκις
267 2007 331 2090 ήδη
354 2002 593 2090 καὶπρότερον
612 2005 848 2088 ἐπετροπεύθη.
886 2003 967 2068 ὅταν
986 2000 1023 2069 δὲ
1041 2005 1101 2069 τὸν

88 2113 236 2196 παρόντα
260 2113 422 2177 κίνδυνον
445 2111 726 2195 διασκεδάσωμεν,
751 2106 852 2175 οὐδὲν
875 2110 938 2195 γάρ
962 2112 1011 2174 ἔτι
1032 2121 1153 2180 τῶυ644

88 2217 220 2303 ἐχθρῶν
244 2220 383 2304 ίσχνρόν
406 2217 475 2283 ἐστι
500 2221 556 2301 ζήν
578 2226 639 2283 τοῦ
661 2215 824 2301 βασιλέως
844 2215 1100 2300 ἀγγελλομένου,

51 2345 75 2386 ιο
88 2325 290 2410 παραλαβὼν
323 2326 365 2389 σὺ
396 2324 455 2401 τάς
485 2347 520 2389 τε
548 2323 695 2409 ῥάβδους
722 2321 779 2388 καὶ
804 2323 866 2406 τήν
892 2331 960 2387 τῶν
989 2323 1101 2388 ὅπλων

86 2428 241 2508 ἐξουσίαν
268 2432 360 2496 κάλει
386 2433 465 2507 τοὺς
487 2431 734 2514 βουλεύσαντας
757 2429 948 2494 ἀποκτεῖναι
974 2430 1102 2514 Ταρκύ-

86 2560 163 2602 νιον
192 2535 245 2602 ἐπὶ
274 2537 333 2601 τὸν
362 2538 469 2620 δήμον
493 2536 556 2602 ἀπὸ
579 2545 646 2600 τῶν
669 2539 828 2621 Μαρκίου
851 2536 981 2600 παίδων
1005 2533 1101 2620 ἀρξά-

91 2666 192 2727 μενος
223 2641 279 2708 καὶ
310 2646 435 2728 πρόθες
467 2643 580 2719 αὐτοῖς
614 2644 720 2718 δίκας·
761 2640 1031 2727 τιμωρησάμενος
1064 2639 1101 2706 δὲ

88 2751 229 2826 τούτους
247 2748 404 2831 ἅπαντας,
424 2747 482 2813 ἐάν
500 2745 562 2833 μὲν
582 2749 787 2833 ὑπομείνωσι
805 2749 863 2824 τὰς
880 2751 1016 2833 κρίσεις,
1038 2754 1101 2813 θα-

51 2875 74 2918 εο
88 2856 211 2938 νάτοις,
231 2855 289 2921 ἐὰν
309 2849 340 2918 δ’
362 2854 505 2940 ἐρήμους
526 2855 669 2940 ἀφῶσιν,
689 2853 706 2918 ὃ
725 2859 852 2938 μᾶλλον
872 2854 993 2930 αὐτοὺς
1010 2848 1102 2938 οἶμαι

86 2964 250 3047 ποιήσειν,
288 2962 446 3048 ἀειφυγίᾳ
481 2960 538 3026 καὶ
575 2961 732 3045 δημεύσει
767 2970 835 3026 τῶν
871 2960 1101 3046 ὑπαρχόντων,

158 3124 175 3173 4
193 3119 312 3190 τούτων]
331 3119 431 3173 τούτου
450 3135 473 3172 ο,
490 3117 579 3172 Cobet
594 3117 659 3173 obs.
677 3136 705 3187 p.
722 3121 776 3187 ‘141
792 3114 853 3172 ἀλλ’
871 3118 903 3172 ού
922 3116 1018 3183 δεήσει
1036 3116 1101 3171 add.

85 3190 136 3244 Bc
183 3190 232 3244 καὶ
255 3191 360 3245 τούτων
385 3189 479 3258 δεήσει
503 3187 701 3262 βουληθέντων
723 3188 749 3241 Α
827 3195 860 3242 11
880 3187 970 3243 εἰπεῖν
994 3186 1059 3241 add.
1078 3188 1103 3240 B

72 3267 121 3325 ‚14
140 3260 258 3317 εἰποῦσα
282 3259 371 3331 ὄνομα
395 3256 416 3315 ὦ
438 3260 535 3315 Τύλλιε
554 3260 577 3314 Ο
595 3260 754 3386 φτωεθεεΒ
842 3265 874 3313 19
898 3255 1102 3328 ἀγγελλομένου

85 3331 161 3387 ABb
199 3330 386 3414 ἀγγελομένον
405 3332 431 3384 R
502 3338 536 3385 23
555 3349 593 3402 πρ
611 3332 705 3394 θεςΒ
741 3328 864 3402 πρόςθες
881 3330 906 3382 R
977 3335 1011 3383 25
1030 3328 1103 3382 ἀλῶ-

87 3421 131 3458 οιν
150 3421 173 3458 ο,
192 3403 338 3472 Klesslmg
409 3407 443 3456 26
462 3402 610 3472 ἀειφνγίοιι
628 3402 652 3454 Β
