2414 3840
519 183 682 233 ..E-

91 346 247 432 πράττειν
276 343 433 420 ἑκάστους
461 342 674 420 ἀκούσοντας.
720 341 869 426 έμίμνετο
898 354 1019 412 ταῦτα·

92 453 205 536 ἐπειδή
226 453 447 535 συνήχθησαν
467 449 503 514 ολ
516 451 755 535 προεστηκότες
768 461 835 515 τῶν
850 450 993 538 ἑταίρων
1007 453 1036 518 άι

92 582 145 637 τες
168 560 215 634 είς
237 558 298 641 τήν
322 555 459 641 ἀγοράν,
484 555 540 620 διά
562 555 789 639 συνθημάτων
812 556 949 642 ἀδήλων
971 557 1036 624 έκει

93 665 198 741 εὐθὺς
230 663 326 728 αἵτε
354 663 452 747 άκραι
481 663 616 746 πλήρεις
643 655 817 744 ἐγίγνοντό
844 673 913 729 τῶν
941 660 1027 752 ὑπὲρ

70 773 220 847 ιπόλεως
242 769 472 855 ἀνειληφότων
494 769 535 833 τά
557 768 643 833 ὅπλα
665 765 720 833 καὶ
742 770 783 834 τά
806 767 882 856 περὶ
900 771 964 855 τήν
981 771 1036 855 ἀνι

92 877 158 943 ὑπὸ
186 886 254 941 τῶν
282 875 409 942 ίππέων
437 874 634 961 ἐφρουρεῖτο
658 875 783 963 κύκλςο,
811 878 871 961 μιά
893 900 929 943 τε
953 878 1036 944 οὐκ

58 985 223 1050 2λείπετο
256 992 325 1059 τοίς
358 976 491 1047 ἀπιέναι
522 979 741 1065 βουλομένοις
771 981 894 1061 ἔξοδος.
940 981 997 1049 καὶ
1028 1009 1036 1050 ι

94 1093 154 1157 τὸν
183 1090 287 1156 αὐτὸν
314 1091 439 1174 χρόνον
462 1086 480 1152 ὁ
504 1086 615 1172 ἕτερος
637 1097 705 1153 τῶν
728 1086 864 1154 ὑπάτων
887 1090 1024 1168 Μάνιος

93 1206 151 1281 τῆς
178 1197 328 1279 Φιδήνης
355 1194 499 1271 ἀναστάς
525 1202 635 1279 παρῆν
663 1196 710 1270 είς
731 1194 769 1258 τὸ
792 1195 910 1261 πεδίον
934 1197 1028 1280 άμων

61 1322 87 1362 ιο
98 1303 251 1387 δύναμιν.
299 1300 343 1376 ὡς
376 1297 407 1365 δ’
439 1298 545 1386 ήμέρα
576 1299 712 1384 τάχιστα
745 1298 943 1386 διέλαμψεν,
976 1302 1036 1369 δπλ

95 1405 168 1493 περὶ
189 1405 328 1483 ἑαυτοὺς
346 1409 478 1491 ἔχοντες
496 1407 532 1473 οί
547 1406 668 1473 ύπατοι
686 1413 862 1493 προῆλθον
881 1408 934 1475 ἐπὶ
952 1412 991 1477 τὸ
1010 1414 1036 1495 β

94 1512 149 1580 καὶ
174 1515 230 1578 διὰ
252 1512 386 1579 πάντων
409 1523 476 1578 τῶν
499 1523 679 1579 στενωπῶν
701 1525 771 1592 τοῖς
788 1514 907 1600 κήρυξι
925 1539 1036 1603 περιαη

95 1625 150 1684 λαι
172 1620 387 1697 κελεύσαντες
408 1621 502 1704 ήκειν
525 1622 584 1686 τὸν
608 1621 716 1704 δήμου
739 1622 785 1698 είς
808 1621 1003 1707 ἐκκλησίαν,
1030 1649 1036 1689 ι

95 1727 151 1803 τὸς
173 1734 234 1791 τοῦ
258 1727 341 1791 κατά
363 1727 424 1810 τήν
442 1729 542 1792 πόλιν
561 1727 663 1810 ὄχλου
682 1727 946 1813 συνδραμόντος,
970 1720 1034 1813 δηλ

62 1853 87 1900 15
97 1855 132 1898 τε
156 1833 269 1910 αὐτοῖς
291 1834 354 1917 τήν
372 1832 558 1917 γενομένην
578 1830 630 1898 ἐπὶ
649 1841 688 1918 τῇ
707 1835 845 1922 καθόδῳ
863 1843 926 1900 τοῦ
944 1835 1036 1923 τνράι

61 1941 82 2007 3
97 1941 313 2023 συνωμοσίαν
330 1936 387 2005 καὶ
404 1941 483 2016 τοὺς
501 1941 648 2024 μηνντάς
664 1939 930 2024 ἀναβιβάζονται.
962 1940 1036 2028 καὶ,

94 2042 184 2111 τοῦτ’
216 2044 458 2128 ἀπολογείσθαι
485 2046 773 2131 συγχωρήσαντες,
808 2045 866 2112 ἐάν
894 2069 985 2126 τινες
1012 2049 1036 2133 ἀΙ

97 2156 243 2237 σβητῶσι
257 2153 341 2238 πρὸς
358 2154 420 2236 τήν
434 2155 591 2237 μήνυσιν,
606 2152 719 2236 ἐπειδή
737 2153 821 2238 πρὸς
839 2153 983 2238 άρνησιν
1002 2155 1036 2221 οέ

97 2259 286 2346 ἐπεχείρησε
313 2256 514 2344 τραπέσθαι,
543 2258 760 2342 μεταστάντες
783 2258 819 2324 έκ
841 2266 900 2342 τής
924 2261 1036 2347 ἀγορᾶς

60 2369 133 2432 εοτὸ
157 2367 398 2452 βουλευτήριον
418 2365 553 2450 γνώμας
570 2360 654 2450 ύπδρ
674 2364 785 2430 αὐτῶν
804 2366 1018 2451 διηρώτησαν

96 2471 295 2557 συνέδρους,
327 2470 384 2539 καὶ
414 2472 622 2558 γραψάμενοι
649 2471 694 2549 τάΙ
718 2469 859 2549 δόξαντα
888 2472 1004 2553 αὐτοῖς
1032 2503 1036 2539 ι

96 2573 197 2656 αὖθις
219 2576 273 2644 ἐπὶ
295 2579 358 2662 τήν
381 2577 559 2662 ἐκκλησίαν
581 2575 637 2643 καὶ
655 2578 692 2642 τὸ
713 2578 950 2664 προβούλευμα
968 2581 1036 2666 άνές

96 2701 169 2750 σαν.
214 2681 257 2769 ήν
286 2683 323 2750 δέ
345 2683 494 2773 ζτοιόνδε·
534 2685 731 2769 Ταρκυνίοις
758 2680 820 2768 μέν
847 2694 917 2762 τοίς
944 2689 1036 2771 μηνύ

93 2790 159 2874 τήν
182 2791 335 2857 ἐπίθεσιν
358 2794 527 2857 πολιτείαν
552 2792 714 2857 δεδόσθαι
734 2789 789 2856 καὶ
808 2791 974 2878 ἀργυρίου
992 2820 1036 2880 μυ

62 2894 239 2985 τιέκατέρῳ
279 2898 426 2983 δραχμάς
457 2896 512 2963 καὶ
545 2895 674 2983 πλέθρα
705 2906 766 2982 γῆς
799 2900 961 2984 δημοσίας
991 2907 1036 2973 είκ

172 3097 184 3145 1
205 3090 379 3153 ἀκούσοντας
400 3090 477 3144 ABb
513 3091 698 3154 ἀκούσοιντας
722 3093 766 3146 Ba
803 3092 982 3156 ἀκούσαντας
1004 3093 1036 3147 Κι

97 3161 170 3216 Ann.
188 3161 258 3231 phil.
280 3168 347 3217 1866
365 3179 393 3231 p.
409 3168 443 3217 46
460 3165 463 3229 λ
481 3157 586 3232 ἐγένετο
605 3162 628 3215 Β
661 3157 770 3233 ἐγένετο
785 3163 811 3215 R
865 3170 881 3217 2
902 3158 1036 3234 ἑταίρων4

99 3228 201 3303 ἑτέρων
219 3233 266 3287 Ba
303 3228 432 3303 έτοιιριῶν
451 3233 594 3302 Kiessling
648 3235 799 3304 6ούτεμία
818 3234 893 3289 τεΑ
931 3235 1036 3291 ούδεά

98 3307 131 3358 ωλι
148 3304 262 3360 videtur
280 3306 330 3374 μία
348 3325 378 3359 τε
388 3304 430 3377 ήήή
442 3306 475 3359 ού
494 3305 540 3358 Bb
569 3306 620 3375 μία
638 3324 667 3360 τε
687 3306 720 3359 ού
740 3305 794 3359 def.
815 3303 932 3360 Schfifer
946 3255 1021 3359 adss

99 3375 134 3430 de
159 3393 247 3446 comp.
271 3376 348 3432 verb.
366 3393 393 3444 p.
413 3382 465 3431 247
522 3381 554 3429 11
573 3379 723 3445 παρῆλθον
746 3392 768 3430 ο.
788 3376 912 3431 Reudler
930 3376 1020 3434 Τίτου.

99 3452 133 3499 23
153 3450 311 3519 ταρκυνίου
330 3447 382 3501 ΑΒ
455 3455 490 3503 24
509 3448 644 3501 δίδοσθαι
663 3465 685 3503 ο.
705 3447 806 3501 Portus

162 3576 256 3616 ‚Q

1022 3305 1036 3359 i.
