2414 3840
557 188 721 237 ..Λ-

129 349 170 415 ού
193 359 397 436 στρατηγῶν,
422 348 463 413 οὐ
486 357 544 432 της
562 349 663 431 ἄλλης
681 356 739 431 τῆς
757 349 805 425 είς
822 348 862 412 τὰ
880 343 1022 430 πολέμια
1041 367 1156 432 παρα-

129 464 260 539 σκευῆς·
291 454 391 539 μεστὴ
415 455 479 538 γὰρ
504 454 659 520 ἁπάντων
682 453 828 537 ἡπόλις,
851 454 991 538 αίσχρόν
1008 474 1046 517 τε
1063 452 1156 518 Οὐο-

129 562 282 628 λούσκων
300 559 355 626 καὶ
369 563 530 643 Σαβίνων
548 559 604 627 καί
620 562 750 647 μυρίων
765 562 875 626 ἄλλων
890 560 1003 647 ύρχειν
1018 558 1155 643 ἀξιοῦν,

129 668 251 745 αὐτοὺς
282 664 319 732 δὲ
349 668 572 744 δουλεύοντας
602 665 726 753 ἑτέροις
755 665 951 752 ὑπομένειν,
984 663 1042 730 καὶ
1073 665 1155 754 περὶ

98 771 191 859 ιμὲν
223 784 281 858 τῆς
313 776 502 860 Ταρκυνίου
534 772 725 852 πλεονεξίας
756 776 900 850 πολλοὺς
932 772 1155 858 ἀναιρεῖσθαι

128 879 304 966 πολέμους,
327 879 403 966 περὶ
427 878 464 945 δέ
486 889 545 964 τῆς
568 879 695 946 ἑαυτῶν
718 879 912 966 ἐλευθερίας
934 877 1074 964 μηδένα.

195 987 374 1054 LXXXIII.
411 991 507 1052 Τίσιν
540 983 603 1052 οὖν
634 986 801 1072 ἀφορμαῖς
829 988 876 1063 είς
902 986 943 1050 τὰ
970 985 1199 1071 πράγματαθῶ

129 1096 323 1180 χρησόμεθα
351 1092 406 1159 καὶ
433 1097 545 1170 ποίαις
569 1096 783 1178 συμμαχίαις;
816 1101 916 1158 τοῦτο
939 1093 1003 1178 γὰρ
1028 1095 1156 1159 λοιπὸν

131 1203 244 1265 εἰπεῖν.
280 1201 425 1285 πρώταις
448 1197 510 1285 μὲν
532 1211 604 1277 ταῖς
626 1201 715 1286 παρὰ
735 1210 804 1265 τῶν
821 1206 914 1264 θεῶν
933 1198 1077 1283 ἐλπίσιν,
1103 1195 1156 1266 ὧν

95 1326 122 1366 ιο
131 1305 203 1390 ίερὰ
232 1301 288 1368 καὶ
317 1302 434 1388 τεμένη
462 1303 518 1369 καὶ
546 1307 679 1389 βωμοὺς
706 1306 830 1388 μιαίνει
862 1305 1048 1390 Ταρκύνιος
1077 1317 1157 1384 ταῖς

131 1411 351 1495 αἱμοφύρτοις
387 1409 481 1496 χερσὶ
516 1408 572 1475 καὶ
608 1411 731 1487 παντὸς
767 1409 933 1495 ἐμφυλίου
966 1413 1157 1495 γεμούσαις

130 1518 233 1599 ἄνους
256 1523 388 1581 θυσιῶν
410 1514 465 1581 καὶ
489 1519 647 1583 σπονδῶν
665 1519 922 1602 καταρχόμενος·
945 1519 1059 1583 ἔπειτα
1077 1530 1156 1598 ταῖς

132 1624 165 1702 ἐξ
187 1623 282 1708 ἡμῶν
306 1622 418 1688 αὐτῶν
437 1619 507 1688 οὔτ’
530 1623 653 1706 ὀλίγων
672 1624 780 1688 όντων
800 1617 870 1689 ούτ’
887 1623 1033 1710 ἀπείρων
1052 1624 1156 1692 πολέ-

131 1750 210 1816 μου·
242 1729 325 1815 πρὸς
354 1726 391 1793 δὲ
418 1730 549 1806 τούτοις
577 1740 649 1806 ταῖς
670 1732 759 1816 παρδι
782 1740 850 1794 τῶν
873 1731 1057 1815 συμμάχων
1082 1730 1156 1797 ἐπι-

96 1857 122 1898 15
131 1840 292 1923 κουρίαις,
317 1839 353 1901 οἳ
372 1837 416 1920 μὴ
440 1837 634 1902 καλούντων
653 1834 714 1921 μὲν
732 1837 827 1922 ἡμῶν
847 1833 948 1902 οὐδὲν
967 1835 1155 1916 ἀξιώσουσι

131 1948 434 2028 πολυπραγμονεῖν,
458 1942 517 2008 ἐὰν
541 1940 571 2007 δ’
588 1942 705 2027 ἀρετῆς
724 1942 827 2029 ὁρῶσι
845 1942 1157 2028 μεταποιουμένους

133 2052 271 2135 ἄσμενοι
294 2058 520 2134 συναροῦνται
543 2059 604 2115 τοῦ
622 2048 782 2134 πολέμου·
805 2047 963 2132 τυραννὶς
981 2051 1047 2135 γὰρ
1067 2052 1155 2117 δίπα-

97 2156 188 2222 2σιν
221 2155 326 2241 ἐχθρὰ
354 2165 424 2232 τοῖς
450 2154 670 2240 βουλομένοις
697 2154 888 2243 ἐλευθέροις
916 2151 1011 2222 εἶναι.
1055 2159 1087 2223 εί
1116 2156 1158 2224 δέ

132 2286 220 2340 τινες
242 2262 337 2347 ὑμῶν
358 2264 437 2339 τοὺς
460 2260 514 2326 ἐπὶ
537 2259 763 2347 στρατοπέδου
786 2265 952 2340 συνόντας
974 2263 1041 2348 όίμα
1065 2267 1154 2350 Ταρ-

99 2373 239 2458 ιοκυνίφ
263 2371 400 2445 πολίτας
418 2370 621 2451 δεδοίκασιν,
645 2367 690 2445 ὡς
709 2366 824 2456 ἐκείνῳ
843 2365 905 2454 μὲν
918 2385 1154 2452 συναγωνιου-

134 2474 269 2560 μένους,
292 2475 373 2560 ἡμῖν
397 2472 434 2540 δὲ
456 2477 719 2560 πολεμήσοντας,
748 2474 811 2540 οὐκ
834 2476 946 2560 ὀρθῶς
969 2476 1153 2543 δεδοίκασι.

134 2584 251 2666 βαρεῖα
280 2582 344 2667 γὰρ
367 2580 532 2658 κάκείνοις
554 2581 575 2665 ἡ
598 2578 756 2668 τυραννίς
777 2579 834 2646 καὶ
857 2584 1003 2667 ἔμφυτος
1026 2582 1154 2648 ἅπασιν
1197 2582 1199 2587 ⁴

135 2686 329 2772 ἀνθρώποις
356 2687 374 2751 ὁ
402 2695 459 2770 τῆς
486 2686 679 2774 ἐλευθερίας
705 2690 829 2771 πόθος,
859 2686 914 2753 καὶ
942 2696 1032 2754 πᾶσα
1055 2712 1154 2773 μετα-

135 2795 237 2876 βολῆς
254 2795 421 2878 πρόφασις
439 2803 508 2869 τοῖς
527 2788 571 2858 δι’
589 2793 739 2877 ἀνάγκην
756 2799 1024 2880 ταλαιπωροῦσιν
1039 2795 1199 2880 ίκανηῶεε

99 2897 210 2981 ιεούς,
243 2900 274 2962 εί
304 2904 487 2981 ψηφιεῖσθε
515 2907 554 2984 τῇ
584 2901 720 2986 πατρίδι
746 2902 903 2983 βοηθεῖν,
932 2900 973 2965 οὐ
1001 2902 1152 2986 φόβοςό

136 3001 288 3082 καθέξων
320 3006 411 3069 ἔσται
438 3006 528 3090 παρὰ
554 3017 624 3082 τοῖς
650 3006 844 3091 τυράννοις,
878 3005 919 3071 ού
946 3006 1057 3093 χύρις,
1091 3009 1152 3094 οὐχ

215 3239 231 3287 2
250 3229 366 3303 αίσχρόν
380 3252 411 3303 με
427 3231 454 3287 εί
464 3233 491 3286 Α
523 3230 638 3303 αίσχρόν
651 3252 681 3286 τε
696 3232 718 3286 Β
751 3231 866 3304 αίσχρόν
881 3252 912 3303 με
927 3234 970 3302 είη
985 3250 1008 3287 ο.
1023 3233 1129 3290 Reiske
1146 3236 1149 3308 λ

140 3305 325 3360 Οὐολούσκων
344 3301 395 3375 μὲν
414 3303 502 3359 Cobet
521 3303 587 3359 obs.
606 3321 633 3373 p.
649 3309 682 3359 91
752 3309 768 3357 3
788 3304 943 3370 ἀξιούντων
961 3303 987 3358 Α
1052 3313 1086 3362 17
1105 3328 1152 3362 τν-

138 3375 280 3450 ρανν<ί>ς
298 3377 320 3428 Β
336 3379 340 3444 1
356 3384 442 3431 πᾶσιν
460 3375 514 3430 ΑΒ
579 3379 611 3430 19
632 3372 850 3445 στρατοπέδωΒ
910 3383 944 3430 25
962 3376 1150 3447 *ψηφίσησθε

138 3446 164 3501 A
199 3447 360 3517 φηφίσεσθε
379 3447 425 3501 Bb
462 3448 647 3517 ψηφίσασθαι
665 3446 711 3500 Ba
782 3452 817 3501 26
835 3454 894 3510 τοῖς
911 3447 1018 3504 add.B
