<?xml version="1.0" encoding="UTF-8"?>
<!DOCTYPE html PUBLIC "-//W3C//DTD XHTML 1.0 Transitional//EN"
    "http://www.w3.org/TR/xhtml1/DTD/xhtml1-transitional.dtd">
<html xmlns="http://www.w3.org/1999/xhtml" xml:lang="en" lang="en">
 <head>
  <title>
</title>
<meta http-equiv="Content-Type" content="text/html;charset=utf-8" />
  <meta name='ocr-system' content='tesseract 3.04.00' />
  <meta name='ocr-capabilities' content='ocr_page ocr_carea ocr_par ocr_line ocrx_word'/>
</head>
<body>
  <div class='ocr_page' id='page_1' title='image "./dionysihalicarn02diongoog_0153.png"; bbox 0 0 2414 3840; ppageno 0'>
   <div class='ocr_carea' id='block_1_1' title="bbox 560 173 724 222">
    <p class='ocr_par' dir='ltr' id='par_1_1' title="bbox 560 173 724 222">
     <span class='ocr_line' id='line_1_1' title="bbox 560 173 724 222; baseline 0.006 -14"><span class='ocrx_word' id='word_1_1' title='bbox 560 173 724 222; x_wconf 77' lang='grc' dir='ltr'><em>-Ε-</em></span> 
     </span>
    </p>
   </div>
   <div class='ocr_carea' id='block_1_2' title="bbox 45 327 1193 3294">
    <p class='ocr_par' dir='ltr' id='par_1_2' title="bbox 45 327 1193 3293">
     <span class='ocr_line' id='line_1_2' title="bbox 131 327 1151 416; baseline 0.004 -22"><span class='ocrx_word' id='word_1_2' title='bbox 131 327 186 394; x_wconf 76' lang='grc' dir='ltr'><em>καὶ</em></span> <span class='ocrx_word' id='word_1_3' title='bbox 217 331 321 406; x_wconf 88' lang='grc' dir='ltr'><em>θεοὺς</em></span> <span class='ocrx_word' id='word_1_4' title='bbox 351 330 569 414; x_wconf 83' lang='grc' dir='ltr'><em>ὀμωμόκαμεν</em></span> <span class='ocrx_word' id='word_1_5' title='bbox 599 331 741 409; x_wconf 85' lang='grc' dir='ltr'><em>δίπαντες</em></span> <span class='ocrx_word' id='word_1_6' title='bbox 768 327 844 416; x_wconf 60' lang='grc' dir='ltr'><em>μήτ’</em></span> <span class='ocrx_word' id='word_1_7' title='bbox 872 328 969 397; x_wconf 81' lang='grc' dir='ltr'><em>αὑτοὶ</em></span> <span class='ocrx_word' id='word_1_8' title='bbox 996 331 1151 411; x_wconf 78' lang='grc' dir='ltr'><strong><em>κατάξειν</em></strong></span> 
     </span>
     <span class='ocr_line' id='line_1_3' title="bbox 132 434 1154 524; baseline 0.003 -22"><span class='ocrx_word' id='word_1_9' title='bbox 132 439 210 515; x_wconf 91' lang='grc' dir='ltr'><em>τοὺς</em></span> <span class='ocrx_word' id='word_1_10' title='bbox 237 436 423 522; x_wconf 75' lang='grc' dir='ltr'><em>τυράννους</em></span> <span class='ocrx_word' id='word_1_11' title='bbox 452 434 536 521; x_wconf 80' lang='grc' dir='ltr'><em>μηδὲ</em></span> <span class='ocrx_word' id='word_1_12' title='bbox 563 448 632 516; x_wconf 86' lang='grc' dir='ltr'><em>τοῖς</em></span> <span class='ocrx_word' id='word_1_13' title='bbox 659 439 862 523; x_wconf 81' lang='grc' dir='ltr'><em>κατάγουσιν</em></span> <span class='ocrx_word' id='word_1_14' title='bbox 885 436 1089 524; x_wconf 78' lang='grc' dir='ltr'><em>ἐπιτρέψειν·</em></span> <span class='ocrx_word' id='word_1_15' title='bbox 1123 441 1154 505; x_wconf 87' lang='grc' dir='ltr'><em>εί</em></span> 
     </span>
     <span class='ocr_line' id='line_1_4' title="bbox 133 541 1147 631; baseline 0.007 -25"><span class='ocrx_word' id='word_1_16' title='bbox 133 541 173 608; x_wconf 90' lang='grc' dir='ltr'><em>δέ</em></span> <span class='ocrx_word' id='word_1_17' title='bbox 193 565 284 618; x_wconf 91' lang='grc' dir='ltr'><em>τινος</em></span> <span class='ocrx_word' id='word_1_18' title='bbox 308 543 411 608; x_wconf 88' lang='grc' dir='ltr'><em>άλλου</em></span> <span class='ocrx_word' id='word_1_19' title='bbox 431 544 546 608; x_wconf 88' lang='grc' dir='ltr'><em>δεῖσθε</em></span> <span class='ocrx_word' id='word_1_20' title='bbox 565 555 633 609; x_wconf 82' lang='grc' dir='ltr'><em>τῶν</em></span> <span class='ocrx_word' id='word_1_21' title='bbox 651 547 805 631; x_wconf 89' lang='grc' dir='ltr'><em>μετρίων,</em></span> <span class='ocrx_word' id='word_1_22' title='bbox 828 544 850 610; x_wconf 82' lang='grc' dir='ltr'><em>δ</em></span> <span class='ocrx_word' id='word_1_23' title='bbox 868 546 912 630; x_wconf 83' lang='grc' dir='ltr'><em>μὴ</em></span> <span class='ocrx_word' id='word_1_24' title='bbox 930 547 1050 630; x_wconf 90' lang='grc' dir='ltr'><em>νόμοις</em></span> <span class='ocrx_word' id='word_1_25' title='bbox 1069 541 1147 630; x_wconf 78' lang='grc' dir='ltr'><em>μηδ’</em></span> 
     </span>
     <span class='ocr_line' id='line_1_5' title="bbox 134 648 1150 738; baseline 0.002 -22"><span class='ocrx_word' id='word_1_26' title='bbox 134 651 246 736; x_wconf 81' lang='grc' dir='ltr'><em>ὅρκοις</em></span> <span class='ocrx_word' id='word_1_27' title='bbox 268 650 485 733; x_wconf 77' lang='grc' dir='ltr'><em>κεκωλύμεθα</em></span> <span class='ocrx_word' id='word_1_28' title='bbox 509 651 609 736; x_wconf 85' lang='grc' dir='ltr'><em>δρᾶν,</em></span> <span class='ocrx_word' id='word_1_29' title='bbox 637 648 756 734; x_wconf 82' lang='grc' dir='ltr'><em>λέγετε.</em></span> <span class='ocrx_word' id='word_1_30' title='bbox 803 653 883 736; x_wconf 83' lang='grc' dir='ltr'><em>μετὰ</em></span> <span class='ocrx_word' id='word_1_31' title='bbox 904 660 1004 718; x_wconf 86' lang='grc' dir='ltr'><em>τοῦτο</em></span> <span class='ocrx_word' id='word_1_32' title='bbox 1029 657 1150 738; x_wconf 90' lang='grc' dir='ltr'><em>παρελ-</em></span> 
     </span>
     <span class='ocr_line' id='line_1_6' title="bbox 97 744 1152 870; baseline 0.003 -50"><span class='ocrx_word' id='word_1_33' title='bbox 97 744 320 870; x_wconf 69' lang='grc' dir='ltr'><em>ἳθόντεςί</em></span> <span class='ocrx_word' id='word_1_34' title='bbox 285 780 302 821; x_wconf 99' lang='grc' dir='ltr'><em>ο</em></span> <span class='ocrx_word' id='word_1_35' title='bbox 346 754 500 841; x_wconf 83' lang='grc' dir='ltr'><em>πρέσβεις</em></span> <span class='ocrx_word' id='word_1_36' title='bbox 530 753 678 840; x_wconf 86' lang='grc' dir='ltr'><em>λέγουσι</em></span> <span class='ocrx_word' id='word_1_37' title='bbox 717 759 816 843; x_wconf 85' lang='grc' dir='ltr'><em>Παρὰ</em></span> <span class='ocrx_word' id='word_1_38' title='bbox 845 756 947 836; x_wconf 84' lang='grc' dir='ltr'><em>δόξαν</em></span> <span class='ocrx_word' id='word_1_39' title='bbox 977 755 1041 843; x_wconf 74' lang='grc' dir='ltr'><em>μὲν</em></span> <span class='ocrx_word' id='word_1_40' title='bbox 1070 757 1152 844; x_wconf 76' lang='grc' dir='ltr'><em>ὑμῖν</em></span> 
     </span>
     <span class='ocr_line' id='line_1_7' title="bbox 111 829 1153 952; baseline 0.003 -24.065"><span class='ocrx_word' id='word_1_41' title='bbox 111 829 316 947; x_wconf 81' lang='grc' dir='ltr'><em>5ἀπήντηται</em></span> <span class='ocrx_word' id='word_1_42' title='bbox 334 865 374 928; x_wconf 85' lang='grc' dir='ltr'><em>τὰ</em></span> <span class='ocrx_word' id='word_1_43' title='bbox 392 873 519 949; x_wconf 84' lang='grc' dir='ltr'><em>πρῶτα</em></span> <span class='ocrx_word' id='word_1_44' title='bbox 542 864 828 949; x_wconf 80' lang='grc' dir='ltr'><em>πρεσβευσάμενοι</em></span> <span class='ocrx_word' id='word_1_45' title='bbox 845 865 910 950; x_wconf 85' lang='grc' dir='ltr'><em>γάρ</em></span> <span class='ocrx_word' id='word_1_46' title='bbox 928 859 1013 950; x_wconf 82' lang='grc' dir='ltr'><em>ὑπέρ</em></span> <span class='ocrx_word' id='word_1_47' title='bbox 1029 864 1153 952; x_wconf 82' lang='grc' dir='ltr'><em>ἀνδρὸς</em></span> 
     </span>
     <span class='ocr_line' id='line_1_8' title="bbox 134 968 1152 1054; baseline 0.003 -20"><span class='ocrx_word' id='word_1_48' title='bbox 134 968 244 1035; x_wconf 90' lang='grc' dir='ltr'><em>ίκέτου</em></span> <span class='ocrx_word' id='word_1_49' title='bbox 271 969 417 1054; x_wconf 61' lang='grc' dir='ltr'><em>λόγον’</em></span> <span class='ocrx_word' id='word_1_50' title='bbox 400 979 481 1054; x_wconf 90' lang='grc' dir='ltr'><em>υμῖν</em></span> <span class='ocrx_word' id='word_1_51' title='bbox 510 969 669 1054; x_wconf 78' lang='grc' dir='ltr'><em>ὑποσχεῖν</em></span> <span class='ocrx_word' id='word_1_52' title='bbox 697 969 870 1048; x_wconf 80' lang='grc' dir='ltr'><em>ἀξιοῦντος</em></span> <span class='ocrx_word' id='word_1_53' title='bbox 894 969 1010 1037; x_wconf 81' lang='grc' dir='ltr'><em>καὶτὸ</em></span> <span class='ocrx_word' id='word_1_54' title='bbox 1035 973 1152 1037; x_wconf 92' lang='grc' dir='ltr'><em>κοινὸν</em></span> 
     </span>
     <span class='ocr_line' id='line_1_9' title="bbox 134 1076 1152 1164; baseline 0.003 -23"><span class='ocrx_word' id='word_1_55' title='bbox 134 1076 291 1143; x_wconf 85' lang='grc' dir='ltr'><em>ἁπάντων</em></span> <span class='ocrx_word' id='word_1_56' title='bbox 316 1078 446 1141; x_wconf 89' lang='grc' dir='ltr'><em>δίκαιον</em></span> <span class='ocrx_word' id='word_1_57' title='bbox 471 1078 518 1154; x_wconf 87' lang='grc' dir='ltr'><em>είς</em></span> <span class='ocrx_word' id='word_1_58' title='bbox 542 1078 632 1142; x_wconf 80' lang='grc' dir='ltr'><em>ἰδίαν</em></span> <span class='ocrx_word' id='word_1_59' title='bbox 655 1078 847 1162; x_wconf 90' lang='grc' dir='ltr'><em>αι’τούμενοι</em></span> <span class='ocrx_word' id='word_1_60' title='bbox 869 1077 969 1164; x_wconf 87' lang='grc' dir='ltr'><em>χάριν</em></span> <span class='ocrx_word' id='word_1_61' title='bbox 992 1078 1036 1143; x_wconf 88' lang='grc' dir='ltr'><em>ού</em></span> <span class='ocrx_word' id='word_1_62' title='bbox 1056 1079 1152 1144; x_wconf 91' lang='grc' dir='ltr'><em>δεδυ-</em></span> 
     </span>
     <span class='ocr_line' id='line_1_10' title="bbox 133 1180 1153 1269; baseline 0.001 -21"><span class='ocrx_word' id='word_1_63' title='bbox 133 1186 266 1268; x_wconf 83' lang='grc' dir='ltr'><em>νήμεθα</em></span> <span class='ocrx_word' id='word_1_64' title='bbox 284 1184 405 1248; x_wconf 94' lang='grc' dir='ltr'><em>τούτου</em></span> <span class='ocrx_word' id='word_1_65' title='bbox 424 1193 551 1268; x_wconf 80' lang='grc' dir='ltr'><em>τυχεῖν·</em></span> <span class='ocrx_word' id='word_1_66' title='bbox 581 1181 651 1249; x_wconf 78' lang='grc' dir='ltr'><em>ἐπεὶ</em></span> <span class='ocrx_word' id='word_1_67' title='bbox 675 1180 706 1248; x_wconf 94' lang='grc' dir='ltr'><em>δ’</em></span> <span class='ocrx_word' id='word_1_68' title='bbox 725 1183 830 1261; x_wconf 84' lang='grc' dir='ltr'><em>οὑτως</em></span> <span class='ocrx_word' id='word_1_69' title='bbox 848 1185 929 1269; x_wconf 93' lang='grc' dir='ltr'><em>ὑμῖν</em></span> <span class='ocrx_word' id='word_1_70' title='bbox 948 1185 1053 1268; x_wconf 89' lang='grc' dir='ltr'><em>δοκεῖ,</em></span> <span class='ocrx_word' id='word_1_71' title='bbox 1076 1181 1153 1269; x_wconf 80' lang='grc' dir='ltr'><em>περὶ</em></span> 
     </span>
     <span class='ocr_line' id='line_1_11' title="bbox 99 1285 1153 1377; baseline 0.002 -23"><span class='ocrx_word' id='word_1_72' title='bbox 99 1327 125 1366; x_wconf 76' lang='lat'><em>10</em></span> <span class='ocrx_word' id='word_1_73' title='bbox 135 1285 195 1374; x_wconf 70' lang='grc' dir='ltr'><em>μέν</em></span> <span class='ocrx_word' id='word_1_74' title='bbox 227 1290 362 1354; x_wconf 78' lang='grc' dir='ltr'><em>εἰσόδου</em></span> <span class='ocrx_word' id='word_1_75' title='bbox 389 1293 585 1375; x_wconf 90' lang='grc' dir='ltr'><em>Ταρκυνίων</em></span> <span class='ocrx_word' id='word_1_76' title='bbox 614 1287 715 1356; x_wconf 78' lang='grc' dir='ltr'><em>οὐδὲν</em></span> <span class='ocrx_word' id='word_1_77' title='bbox 743 1293 791 1356; x_wconf 80' lang='grc' dir='ltr'><em>ἔτι</em></span> <span class='ocrx_word' id='word_1_78' title='bbox 819 1296 1042 1377; x_wconf 80' lang='grc' dir='ltr'><em>λιπαροῦμεν,</em></span> <span class='ocrx_word' id='word_1_79' title='bbox 1072 1311 1153 1376; x_wconf 90' lang='grc' dir='ltr'><em>προ-</em></span> 
     </span>
     <span class='ocr_line' id='line_1_12' title="bbox 133 1392 1193 1483; baseline -0.002 -23"><span class='ocrx_word' id='word_1_80' title='bbox 133 1397 328 1480; x_wconf 75' lang='grc' dir='ltr'><em>καλούμεθα</em></span> <span class='ocrx_word' id='word_1_81' title='bbox 353 1395 417 1461; x_wconf 64' lang='grc' dir='ltr'><em>δ”</em></span> <span class='ocrx_word' id='word_1_82' title='bbox 401 1405 487 1481; x_wconf 84' lang='grc' dir='ltr'><em>υμᾶς</em></span> <span class='ocrx_word' id='word_1_83' title='bbox 509 1398 557 1474; x_wconf 91' lang='grc' dir='ltr'><em>είς</em></span> <span class='ocrx_word' id='word_1_84' title='bbox 580 1395 694 1483; x_wconf 78' lang='grc' dir='ltr'><em>ἕτερόν</em></span> <span class='ocrx_word' id='word_1_85' title='bbox 711 1421 744 1462; x_wconf 91' lang='grc' dir='ltr'><em>τι</em></span> <span class='ocrx_word' id='word_1_86' title='bbox 763 1396 976 1481; x_wconf 91' lang='grc' dir='ltr'><em>δίκαιον,ὑπ</em></span> <span class='ocrx_word' id='word_1_87' title='bbox 929 1392 1075 1483; x_wconf 72' lang='grc' dir='ltr'><em>νπὲρ</em></span> <span class='ocrx_word' id='word_1_88' title='bbox 1034 1421 1076 1462; x_wconf 95' lang='grc' dir='ltr'><em>ου</em></span> <span class='ocrx_word' id='word_1_89' title='bbox 1094 1398 1193 1474; x_wconf 76' lang='grc' dir='ltr'><em>τάςῖιί</em></span> 
     </span>
     <span class='ocr_line' id='line_1_13' title="bbox 135 1501 1154 1589; baseline 0.003 -22"><span class='ocrx_word' id='word_1_90' title='bbox 135 1503 271 1580; x_wconf 84' lang='grc' dir='ltr'><em>ἐντολάς</em></span> <span class='ocrx_word' id='word_1_91' title='bbox 293 1503 372 1588; x_wconf 76' lang='grc' dir='ltr'><em>ὑμῖν</em></span> <span class='ocrx_word' id='word_1_92' title='bbox 396 1505 520 1568; x_wconf 86' lang='grc' dir='ltr'><em>ἐδωκεν</em></span> <span class='ocrx_word' id='word_1_93' title='bbox 542 1503 563 1586; x_wconf 81' lang='grc' dir='ltr'>ἡ</span> <span class='ocrx_word' id='word_1_94' title='bbox 586 1505 714 1589; x_wconf 89' lang='grc' dir='ltr'><em>πατρίς,</em></span> <span class='ocrx_word' id='word_1_95' title='bbox 740 1501 796 1568; x_wconf 77' lang='grc' dir='ltr'><em>καὶ</em></span> <span class='ocrx_word' id='word_1_96' title='bbox 820 1503 897 1568; x_wconf 86' lang='grc' dir='ltr'><em>ούτε</em></span> <span class='ocrx_word' id='word_1_97' title='bbox 920 1504 1025 1587; x_wconf 91' lang='grc' dir='ltr'><em>νόμος</em></span> <span class='ocrx_word' id='word_1_98' title='bbox 1048 1503 1066 1568; x_wconf 86' lang='grc' dir='ltr'>ὁ</span> <span class='ocrx_word' id='word_1_99' title='bbox 1091 1528 1154 1570; x_wconf 91' lang='grc' dir='ltr'><em>κω-</em></span> 
     </span>
     <span class='ocr_line' id='line_1_14' title="bbox 135 1605 1154 1695; baseline 0.001 -20"><span class='ocrx_word' id='word_1_100' title='bbox 135 1610 247 1676; x_wconf 83' lang='grc' dir='ltr'><em>λύσων</em></span> <span class='ocrx_word' id='word_1_101' title='bbox 271 1610 352 1676; x_wconf 89' lang='grc' dir='ltr'><em>αύτὸ</em></span> <span class='ocrx_word' id='word_1_102' title='bbox 374 1620 484 1676; x_wconf 81' lang='grc' dir='ltr'><em>ποιεῖν</em></span> <span class='ocrx_word' id='word_1_103' title='bbox 506 1610 592 1695; x_wconf 89' lang='grc' dir='ltr'><em>ὑμῖις</em></span> <span class='ocrx_word' id='word_1_104' title='bbox 614 1610 705 1675; x_wconf 91' lang='grc' dir='ltr'><em>ἐστιν</em></span> <span class='ocrx_word' id='word_1_105' title='bbox 729 1605 806 1675; x_wconf 79' lang='grc' dir='ltr'><em>οὔθ’</em></span> <span class='ocrx_word' id='word_1_106' title='bbox 834 1609 942 1695; x_wconf 87' lang='grc' dir='ltr'><em>όρκος,</em></span> <span class='ocrx_word' id='word_1_107' title='bbox 966 1608 1154 1676; x_wconf 85' lang='grc' dir='ltr'><em>ἀποδοῦναι</em></span> 
     </span>
     <span class='ocr_line' id='line_1_15' title="bbox 135 1715 1154 1806; baseline 0 -24"><span class='ocrx_word' id='word_1_108' title='bbox 135 1725 180 1806; x_wconf 78' lang='grc' dir='ltr'><em>τῷ</em></span> <span class='ocrx_word' id='word_1_109' title='bbox 204 1721 337 1802; x_wconf 83' lang='grc' dir='ltr'><em>βασιλεῖ</em></span> <span class='ocrx_word' id='word_1_110' title='bbox 356 1718 418 1800; x_wconf 76' lang='grc' dir='ltr'><em>τὴν</em></span> <span class='ocrx_word' id='word_1_111' title='bbox 442 1715 572 1799; x_wconf 86' lang='grc' dir='ltr'><em>οὐσίαν,</em></span> <span class='ocrx_word' id='word_1_112' title='bbox 596 1715 638 1799; x_wconf 74' lang='grc' dir='ltr'><em>ἣν</em></span> <span class='ocrx_word' id='word_1_113' title='bbox 662 1716 680 1781; x_wconf 87' lang='grc' dir='ltr'><em>ὑ</em></span> <span class='ocrx_word' id='word_1_114' title='bbox 703 1716 836 1793; x_wconf 80' lang='grc' dir='ltr'><em>πάππος</em></span> <span class='ocrx_word' id='word_1_115' title='bbox 858 1715 963 1780; x_wconf 85' lang='grc' dir='ltr'><em>αὑτοῦ</em></span> <span class='ocrx_word' id='word_1_116' title='bbox 985 1718 1154 1802; x_wconf 91' lang='grc' dir='ltr'><em>πρότερον</em></span> 
     </span>
     <span class='ocr_line' id='line_1_16' title="bbox 101 1820 1155 1910; baseline 0 -20"><span class='ocrx_word' id='word_1_117' title='bbox 101 1858 126 1899; x_wconf 80' lang='lat'><em>15</em></span> <span class='ocrx_word' id='word_1_118' title='bbox 136 1822 286 1908; x_wconf 83' lang='grc' dir='ltr'><em>ἐκέκτητο</em></span> <span class='ocrx_word' id='word_1_119' title='bbox 312 1820 418 1889; x_wconf 76' lang='grc' dir='ltr'><em>ούθέν</em></span> <span class='ocrx_word' id='word_1_120' title='bbox 435 1833 503 1888; x_wconf 83' lang='grc' dir='ltr'><em>τῶν</em></span> <span class='ocrx_word' id='word_1_121' title='bbox 522 1820 690 1908; x_wconf 87' lang='grc' dir='ltr'><em>ὑμετέρων</em></span> <span class='ocrx_word' id='word_1_122' title='bbox 710 1823 787 1887; x_wconf 86' lang='grc' dir='ltr'><em>ούτε</em></span> <span class='ocrx_word' id='word_1_123' title='bbox 805 1824 862 1910; x_wconf 80' lang='grc' dir='ltr'><em>βία</em></span> <span class='ocrx_word' id='word_1_124' title='bbox 879 1823 1056 1907; x_wconf 82' lang='grc' dir='ltr'><em>κατασχὼν</em></span> <span class='ocrx_word' id='word_1_125' title='bbox 1075 1824 1155 1890; x_wconf 80' lang='grc' dir='ltr'><em>οὔτε</em></span> 
     </span>
     <span class='ocr_line' id='line_1_17' title="bbox 136 1925 1154 2018; baseline 0.001 -22"><span class='ocrx_word' id='word_1_126' title='bbox 136 1931 261 2017; x_wconf 82' lang='grc' dir='ltr'><em>λάθρα,</em></span> <span class='ocrx_word' id='word_1_127' title='bbox 294 1931 383 2016; x_wconf 85' lang='grc' dir='ltr'><em>παρά</em></span> <span class='ocrx_word' id='word_1_128' title='bbox 416 1925 453 1994; x_wconf 73' lang='grc' dir='ltr'><em>δὲ</em></span> <span class='ocrx_word' id='word_1_129' title='bbox 484 1936 545 1995; x_wconf 84' lang='grc' dir='ltr'><em>τού</em></span> <span class='ocrx_word' id='word_1_130' title='bbox 573 1929 698 2014; x_wconf 89' lang='grc' dir='ltr'><em>πατρὸς</em></span> <span class='ocrx_word' id='word_1_131' title='bbox 725 1928 960 2014; x_wconf 87' lang='grc' dir='ltr'><em>διαδεξάμενος</em></span> <span class='ocrx_word' id='word_1_132' title='bbox 985 1927 1043 1995; x_wconf 81' lang='grc' dir='ltr'><em>καὶ</em></span> <span class='ocrx_word' id='word_1_133' title='bbox 1069 1932 1154 2018; x_wconf 82' lang='grc' dir='ltr'><em>πρὸς</em></span> 
     </span>
     <span class='ocr_line' id='line_1_18' title="bbox 45 2033 1154 2123; baseline 0.001 -20"><span class='ocrx_word' id='word_1_134' title='bbox 45 2080 47 2084; x_wconf 31' lang='grc' dir='ltr'><em>ν</em></span> <span class='ocrx_word' id='word_1_135' title='bbox 136 2037 221 2122; x_wconf 83' lang='grc' dir='ltr'><em>ὑμᾶς</em></span> <span class='ocrx_word' id='word_1_136' title='bbox 248 2034 451 2122; x_wconf 84' lang='grc' dir='ltr'><em>μετενέγκας.</em></span> <span class='ocrx_word' id='word_1_137' title='bbox 493 2034 620 2118; x_wconf 81' lang='grc' dir='ltr'><em>ἀπόχρη</em></span> <span class='ocrx_word' id='word_1_138' title='bbox 647 2034 712 2119; x_wconf 82' lang='grc' dir='ltr'><em>γάρ</em></span> <span class='ocrx_word' id='word_1_139' title='bbox 738 2033 827 2122; x_wconf 77' lang='grc' dir='ltr'><em>αὐτῷ</em></span> <span class='ocrx_word' id='word_1_140' title='bbox 851 2036 891 2100; x_wconf 84' lang='grc' dir='ltr'><em>τά</em></span> <span class='ocrx_word' id='word_1_141' title='bbox 914 2033 1036 2102; x_wconf 80' lang='grc' dir='ltr'><em>ἑαυτοῦ</em></span> <span class='ocrx_word' id='word_1_142' title='bbox 1059 2061 1154 2123; x_wconf 89' lang='grc' dir='ltr'><em>κομι-</em></span> 
     </span>
     <span class='ocr_line' id='line_1_19' title="bbox 136 2132 1182 2233; baseline -0.002 -22"><span class='ocrx_word' id='word_1_143' title='bbox 136 2142 268 2233; x_wconf 74' lang='grc' dir='ltr'><em>σαμένῳ</em></span> <span class='ocrx_word' id='word_1_144' title='bbox 298 2147 355 2227; x_wconf 78' lang='grc' dir='ltr'><em>ζῆν</em></span> <span class='ocrx_word' id='word_1_145' title='bbox 379 2140 522 2227; x_wconf 79' lang='grc' dir='ltr'><em>ἑτέρωθί</em></span> <span class='ocrx_word' id='word_1_146' title='bbox 541 2162 607 2205; x_wconf 93' lang='grc' dir='ltr'><em>που</em></span> <span class='ocrx_word' id='word_1_147' title='bbox 631 2142 800 2226; x_wconf 90' lang='grc' dir='ltr'><em>μακαρίως</em></span> <span class='ocrx_word' id='word_1_148' title='bbox 823 2138 933 2226; x_wconf 73' lang='grc' dir='ltr'><em>μηθὲν</em></span> <span class='ocrx_word' id='word_1_149' title='bbox 956 2132 1182 2227; x_wconf 81' lang='grc' dir='ltr'><em>ἐνοχλοῦντιΙ</em></span> 
     </span>
     <span class='ocr_line' id='line_1_20' title="bbox 101 2244 1153 2336; baseline -0.001 -20"><span class='ocrx_word' id='word_1_150' title='bbox 101 2251 225 2336; x_wconf 85' lang='grc' dir='ltr'><em>3ὑμῖν.</em></span> <span class='ocrx_word' id='word_1_151' title='bbox 266 2258 403 2315; x_wconf 79' lang='grc' dir='ltr'><em>τοιαῦτα</em></span> <span class='ocrx_word' id='word_1_152' title='bbox 426 2244 487 2332; x_wconf 73' lang='grc' dir='ltr'><em>μὲν</em></span> <span class='ocrx_word' id='word_1_153' title='bbox 511 2246 547 2311; x_wconf 87' lang='grc' dir='ltr'><em>οί</em></span> <span class='ocrx_word' id='word_1_154' title='bbox 565 2244 719 2331; x_wconf 85' lang='grc' dir='ltr'><em>πρέσβεις</em></span> <span class='ocrx_word' id='word_1_155' title='bbox 743 2245 975 2332; x_wconf 75' lang='grc' dir='ltr'><em>διαλεχθέντες</em></span> <span class='ocrx_word' id='word_1_156' title='bbox 994 2247 1153 2332; x_wconf 74' lang='grc' dir='ltr'><em>ἐξῆλθον·</em></span> 
     </span>
     <span class='ocr_line' id='line_1_21' title="bbox 100 2350 1155 2442; baseline 0.001 -20"><span class='ocrx_word' id='word_1_157' title='bbox 100 2369 203 2432; x_wconf 61' lang='grc' dir='ltr'><em>ιοτῶν</em></span> <span class='ocrx_word' id='word_1_158' title='bbox 241 2354 271 2422; x_wconf 87' lang='grc' dir='ltr'><em>δ’</em></span> <span class='ocrx_word' id='word_1_159' title='bbox 302 2356 439 2422; x_wconf 92' lang='grc' dir='ltr'><em>ὑπάτων</em></span> <span class='ocrx_word' id='word_1_160' title='bbox 471 2358 621 2440; x_wconf 81' lang='grc' dir='ltr'><em>Βροῦτος</em></span> <span class='ocrx_word' id='word_1_161' title='bbox 657 2350 719 2437; x_wconf 72' lang='grc' dir='ltr'><em>μὲν</em></span> <span class='ocrx_word' id='word_1_162' title='bbox 750 2354 899 2439; x_wconf 85' lang='grc' dir='ltr'><em>κατέχειν</em></span> <span class='ocrx_word' id='word_1_163' title='bbox 930 2355 970 2419; x_wconf 85' lang='grc' dir='ltr'><em>τά</em></span> <span class='ocrx_word' id='word_1_164' title='bbox 1001 2359 1155 2442; x_wconf 83' lang='grc' dir='ltr'><em>χρήματα</em></span> 
     </span>
     <span class='ocr_line' id='line_1_22' title="bbox 137 2455 1155 2549; baseline -0.001 -18"><span class='ocrx_word' id='word_1_165' title='bbox 137 2465 380 2549; x_wconf 81' lang='grc' dir='ltr'><em>συνεβούλευσε</em></span> <span class='ocrx_word' id='word_1_166' title='bbox 402 2463 561 2547; x_wconf 86' lang='grc' dir='ltr'><em>τιμωρίας</em></span> <span class='ocrx_word' id='word_1_167' title='bbox 582 2483 618 2524; x_wconf 89' lang='grc' dir='ltr'><em>τε</em></span> <span class='ocrx_word' id='word_1_168' title='bbox 640 2460 738 2545; x_wconf 88' lang='grc' dir='ltr'><em>χάριν</em></span> <span class='ocrx_word' id='word_1_169' title='bbox 762 2458 841 2526; x_wconf 82' lang='grc' dir='ltr'><em>ἀνθ’</em></span> <span class='ocrx_word' id='word_1_170' title='bbox 864 2455 911 2526; x_wconf 82' lang='grc' dir='ltr'><em>ὧν</em></span> <span class='ocrx_word' id='word_1_171' title='bbox 935 2462 971 2526; x_wconf 87' lang='grc' dir='ltr'><em>οί</em></span> <span class='ocrx_word' id='word_1_172' title='bbox 989 2463 1155 2549; x_wconf 91' lang='grc' dir='ltr'><em>τύραννοι</em></span> 
     </span>
     <span class='ocr_line' id='line_1_23' title="bbox 136 2565 1155 2655; baseline -0.001 -18"><span class='ocrx_word' id='word_1_173' title='bbox 136 2574 173 2637; x_wconf 92' lang='grc' dir='ltr'><em>τὸ</em></span> <span class='ocrx_word' id='word_1_174' title='bbox 201 2572 318 2637; x_wconf 84' lang='grc' dir='ltr'><em>κοινὸν</em></span> <span class='ocrx_word' id='word_1_175' title='bbox 345 2569 509 2653; x_wconf 79' lang='grc' dir='ltr'><em>ἠδίκησαν</em></span> <span class='ocrx_word' id='word_1_176' title='bbox 535 2567 801 2632; x_wconf 78' lang='grc' dir='ltr'><em>πολλῶνόντων</em></span> <span class='ocrx_word' id='word_1_177' title='bbox 824 2565 879 2633; x_wconf 84' lang='grc' dir='ltr'><em>καὶ</em></span> <span class='ocrx_word' id='word_1_178' title='bbox 900 2567 1070 2655; x_wconf 90' lang='grc' dir='ltr'><em>μεγάλων,</em></span> <span class='ocrx_word' id='word_1_179' title='bbox 1097 2568 1155 2636; x_wconf 80' lang='grc' dir='ltr'><em>καὶ</em></span> 
     </span>
     <span class='ocr_line' id='line_1_24' title="bbox 136 2669 1152 2763; baseline 0.001 -22"><span class='ocrx_word' id='word_1_180' title='bbox 136 2686 197 2742; x_wconf 91' lang='grc' dir='ltr'><em>τοῦ</em></span> <span class='ocrx_word' id='word_1_181' title='bbox 217 2674 447 2761; x_wconf 85' lang='grc' dir='ltr'><em>συμφέροντος</em></span> <span class='ocrx_word' id='word_1_182' title='bbox 464 2673 587 2757; x_wconf 86' lang='grc' dir='ltr'><em>ένεκεν,</em></span> <span class='ocrx_word' id='word_1_183' title='bbox 611 2673 668 2739; x_wconf 78' lang='grc' dir='ltr'><em>ἵνα</em></span> <span class='ocrx_word' id='word_1_184' title='bbox 686 2674 730 2758; x_wconf 82' lang='grc' dir='ltr'><em>μὴ</em></span> <span class='ocrx_word' id='word_1_185' title='bbox 747 2669 870 2758; x_wconf 85' lang='grc' dir='ltr'><em>γένοιτ’</em></span> <span class='ocrx_word' id='word_1_186' title='bbox 887 2674 1001 2752; x_wconf 84' lang='grc' dir='ltr'><em>αὐτοῖς</em></span> <span class='ocrx_word' id='word_1_187' title='bbox 1015 2675 1152 2763; x_wconf 76' lang='grc' dir='ltr'><em>ἀφορμὴ</em></span> 
     </span>
     <span class='ocr_line' id='line_1_25' title="bbox 137 2781 1154 2870; baseline 0 -21"><span class='ocrx_word' id='word_1_188' title='bbox 137 2785 220 2869; x_wconf 93' lang='grc' dir='ltr'><em>πρὸς</em></span> <span class='ocrx_word' id='word_1_189' title='bbox 241 2785 301 2849; x_wconf 89' lang='grc' dir='ltr'><em>τὸν</em></span> <span class='ocrx_word' id='word_1_190' title='bbox 324 2783 480 2865; x_wconf 90' lang='grc' dir='ltr'><em>πόλεμον,</em></span> <span class='ocrx_word' id='word_1_191' title='bbox 505 2781 673 2845; x_wconf 90' lang='grc' dir='ltr'><em>διδάσκων</em></span> <span class='ocrx_word' id='word_1_192' title='bbox 697 2781 741 2859; x_wconf 82' lang='grc' dir='ltr'><em>ὡς</em></span> <span class='ocrx_word' id='word_1_193' title='bbox 760 2781 821 2846; x_wconf 90' lang='grc' dir='ltr'><em>ούκ</em></span> <span class='ocrx_word' id='word_1_194' title='bbox 840 2781 1051 2867; x_wconf 72' lang='grc' dir='ltr'><em>ἀγαπήσουσι</em></span> <span class='ocrx_word' id='word_1_195' title='bbox 1068 2787 1154 2870; x_wconf 86' lang='grc' dir='ltr'><em>Ταρ-</em></span> 
     </span>
     <span class='ocr_line' id='line_1_26' title="bbox 101 2882 1155 2972; baseline -0.001 -16"><span class='ocrx_word' id='word_1_196' title='bbox 101 2892 248 2965; x_wconf 65' lang='grc' dir='ltr'><em>ιικύνιοι</em></span> <span class='ocrx_word' id='word_1_197' title='bbox 266 2891 324 2966; x_wconf 85' lang='grc' dir='ltr'><em>τάς</em></span> <span class='ocrx_word' id='word_1_198' title='bbox 343 2888 459 2965; x_wconf 85' lang='grc' dir='ltr'><em>οὐσίας</em></span> <span class='ocrx_word' id='word_1_199' title='bbox 477 2887 701 2971; x_wconf 80' lang='grc' dir='ltr'><em>ἀπολαβόντες</em></span> <span class='ocrx_word' id='word_1_200' title='bbox 720 2882 793 2954; x_wconf 87' lang='grc' dir='ltr'><em>οὐδ’</em></span> <span class='ocrx_word' id='word_1_201' title='bbox 810 2888 1040 2972; x_wconf 85' lang='grc' dir='ltr'><em>ὑπομενοῦσιν</em></span> <span class='ocrx_word' id='word_1_202' title='bbox 1062 2890 1155 2955; x_wconf 84' lang='grc' dir='ltr'><em>ίδιώ-</em></span> 
     </span>
     <span class='ocr_line' id='line_1_27' title="bbox 137 2991 1156 3083; baseline -0.001 -19"><span class='ocrx_word' id='word_1_203' title='bbox 137 3022 199 3083; x_wconf 83' lang='grc' dir='ltr'><em>την</em></span> <span class='ocrx_word' id='word_1_204' title='bbox 222 3000 298 3081; x_wconf 86' lang='grc' dir='ltr'><em>βίον</em></span> <span class='ocrx_word' id='word_1_205' title='bbox 323 3000 391 3079; x_wconf 82' lang='grc' dir='ltr'><em>ζῖγν,</em></span> <span class='ocrx_word' id='word_1_206' title='bbox 415 2993 498 3059; x_wconf 86' lang='grc' dir='ltr'><em>ἀλλά</em></span> <span class='ocrx_word' id='word_1_207' title='bbox 520 2996 667 3079; x_wconf 92' lang='grc' dir='ltr'><em>πόλεμον</em></span> <span class='ocrx_word' id='word_1_208' title='bbox 690 2993 846 3074; x_wconf 78' lang='grc' dir='ltr'><em>ἐπάξουσι</em></span> <span class='ocrx_word' id='word_1_209' title='bbox 859 2991 1033 3080; x_wconf 89' lang='grc' dir='ltr'><em>Ῥωμαίοις</em></span> <span class='ocrx_word' id='word_1_210' title='bbox 1055 2995 1156 3063; x_wconf 81' lang='grc' dir='ltr'><em>ἀλλο-</em></span> 
     </span>
     <span class='ocr_line' id='line_1_28' title="bbox 138 3098 1155 3189; baseline 0 -19"><span class='ocrx_word' id='word_1_211' title='bbox 138 3111 223 3188; x_wconf 81' lang='grc' dir='ltr'><em>εθνῆ</em></span> <span class='ocrx_word' id='word_1_212' title='bbox 255 3099 310 3167; x_wconf 85' lang='grc' dir='ltr'><em>καὶ</em></span> <span class='ocrx_word' id='word_1_213' title='bbox 337 3100 550 3186; x_wconf 91' lang='grc' dir='ltr'><em>πειράσονται</em></span> <span class='ocrx_word' id='word_1_214' title='bbox 578 3102 635 3188; x_wconf 76' lang='grc' dir='ltr'><em>βίᾳ</em></span> <span class='ocrx_word' id='word_1_215' title='bbox 662 3105 837 3167; x_wconf 78' lang='grc' dir='ltr'><em>κατελθεῖν</em></span> <span class='ocrx_word' id='word_1_216' title='bbox 865 3098 918 3166; x_wconf 77' lang='grc' dir='ltr'><em>ἐπὶ</em></span> <span class='ocrx_word' id='word_1_217' title='bbox 944 3102 1007 3186; x_wconf 83' lang='grc' dir='ltr'><em>τὴν</em></span> <span class='ocrx_word' id='word_1_218' title='bbox 1037 3101 1155 3189; x_wconf 82' lang='grc' dir='ltr'><em>ἀρχήν.</em></span> 
     </span>
     <span class='ocr_line' id='line_1_29' title="bbox 102 3203 1155 3294; baseline -0.001 -17"><span class='ocrx_word' id='word_1_219' title='bbox 102 3216 346 3286; x_wconf 86' lang='grc' dir='ltr'><em>4Κολλατῖνος</em></span> <span class='ocrx_word' id='word_1_220' title='bbox 369 3204 405 3273; x_wconf 77' lang='grc' dir='ltr'><em>δέ</em></span> <span class='ocrx_word' id='word_1_221' title='bbox 428 3206 586 3272; x_wconf 85' lang='grc' dir='ltr'><em>τάναντία</em></span> <span class='ocrx_word' id='word_1_222' title='bbox 608 3203 749 3294; x_wconf 80' lang='grc' dir='ltr'><em>παρῄνει</em></span> <span class='ocrx_word' id='word_1_223' title='bbox 772 3205 894 3292; x_wconf 91' lang='grc' dir='ltr'><em>λέγων,</em></span> <span class='ocrx_word' id='word_1_224' title='bbox 918 3208 963 3285; x_wconf 83' lang='grc' dir='ltr'><em>ὡς</em></span> <span class='ocrx_word' id='word_1_225' title='bbox 986 3206 1089 3275; x_wconf 70' lang='grc' dir='ltr'><em>οὐδὲν</em></span> <span class='ocrx_word' id='word_1_226' title='bbox 1114 3212 1155 3277; x_wconf 83' lang='grc' dir='ltr'><em>τά</em></span> 
     </span>
    </p>
   </div>
   <div class='ocr_carea' id='block_1_3' title="bbox 138 3363 1155 3511">
    <p class='ocr_par' dir='ltr' id='par_1_3' title="bbox 138 3363 1155 3511">
     <span class='ocr_line' id='line_1_30' title="bbox 211 3363 1155 3454; baseline 0.002 -34"><span class='ocrx_word' id='word_1_227' title='bbox 211 3363 316 3436; x_wconf 80' lang='grc' dir='ltr'><em>Ιμηδε</em></span> <span class='ocrx_word' id='word_1_228' title='bbox 335 3365 386 3420; x_wconf 87' lang='grc' dir='ltr'><em>ΑΒ</em></span> <span class='ocrx_word' id='word_1_229' title='bbox 423 3364 490 3454; x_wconf 81' lang='grc' dir='ltr'><em>μήτε</em></span> <span class='ocrx_word' id='word_1_230' title='bbox 510 3365 535 3417; x_wconf 86' lang='lat' dir='ltr'><strong>R</strong></span> <span class='ocrx_word' id='word_1_231' title='bbox 600 3364 703 3435; x_wconf 87' lang='grc' dir='ltr'><em>3μήτε</em></span> <span class='ocrx_word' id='word_1_232' title='bbox 722 3363 819 3435; x_wconf 88' lang='grc' dir='ltr'><em>νόμοις</em></span> <span class='ocrx_word' id='word_1_233' title='bbox 837 3363 905 3435; x_wconf 87' lang='grc' dir='ltr'><em>μήτε</em></span> <span class='ocrx_word' id='word_1_234' title='bbox 924 3364 1020 3436; x_wconf 81' lang='grc' dir='ltr'><em>ὅρκοις</em></span> <span class='ocrx_word' id='word_1_235' title='bbox 1038 3366 1064 3420; x_wconf 85' lang='grc' dir='ltr'><strong>Α</strong></span> <span class='ocrx_word' id='word_1_236' title='bbox 1121 3375 1155 3423; x_wconf 90' lang='grc'><em>10</em></span> 
     </span>
     <span class='ocr_line' id='line_1_31' title="bbox 138 3433 605 3511; baseline -0.004 -19"><span class='ocrx_word' id='word_1_237' title='bbox 138 3435 331 3511; x_wconf 86' lang='grc' dir='ltr'><em>ταρκυνίονΒ</em></span> <span class='ocrx_word' id='word_1_238' title='bbox 403 3442 437 3492; x_wconf 83' lang='lat'><em>23</em></span> <span class='ocrx_word' id='word_1_239' title='bbox 455 3433 605 3507; x_wconf 87' lang='grc' dir='ltr'><em>γένοιτοΟ</em></span> 
     </span>
    </p>
   </div>
   <div class='ocr_carea' id='block_1_4' title="bbox 200 3574 244 3584">
    <p class='ocr_par' dir='ltr' id='par_1_4' title="bbox 200 3574 244 3584">
     <span class='ocr_line' id='line_1_32' title="bbox 200 3574 244 3584; baseline 0 0"><span class='ocrx_word' id='word_1_240' title='bbox 200 3574 244 3584; x_wconf 52' lang='grc'><em>*-</em></span> 
     </span>
    </p>
   </div>
   <div class='ocr_carea' id='block_1_5' title="bbox 0 0 1219 3840">
    <p class='ocr_par' dir='ltr' id='par_1_5' title="bbox 0 0 1219 3840">
     <span class='ocr_line' id='line_1_33' title="bbox 0 0 1219 3840; baseline 0 0"><span class='ocrx_word' id='word_1_241' title='bbox 0 0 1219 3840; x_wconf 95' lang='lat' dir='ltr'><em> </em></span> 
     </span>
    </p>
   </div>
  </div>
 </body>
</html>
