2414 3840
502 179 664 228 -Δ-
1049 172 1094 238 25

68 342 165 416 λείας
198 339 288 418 ἄξιος
316 337 571 424 παραλαμβάνει
597 338 671 401 τότε
698 336 761 419 τὴν
789 335 895 421 ἀρχὴν
921 336 1010 421 παρὰ
1032 345 1094 401 τοῦ

70 447 258 530 δημοτικοῦ
284 446 440 529 πλήθους
465 443 573 509 πολλὰ
599 445 728 528 χαίρειν
756 451 795 528 τῇ
823 446 928 527 βουλῇ
953 442 1093 528 φράσας,

71 551 116 636 ἣν
152 551 215 617 ούκ
246 550 389 635 ἠξίωσεν
420 548 622 635 ἐπικυρῶσαι
649 551 690 614 τά
716 557 777 614 τού
805 550 915 635 δήμου
942 550 1094 635 κρίματα,

28 660 193 744 σεῶσπερ
223 657 307 743 αὐτῇ
336 665 446 723 ποιεῖν
475 659 557 734 ἔθος
583 651 635 739 ἦν.
671 664 793 721 τοῦτον
822 652 860 722 δὲ
886 657 946 721 τὸν
968 658 1095 742 τρόπον

72 763 130 831 ἐπὶ
157 766 221 848 τὴν
245 765 417 848 βασιλείαν
443 764 624 849 παρελθὼν
649 767 784 828 πολλῶν
811 759 873 848 μὲν
900 761 956 828 καὶ
983 764 1121 827 άλλωνο

72 871 328 956 πολιτευμάτων
357 870 532 952 εἰσηγητὴς
554 865 698 951 ἐγένετο,
723 867 829 953 μέγαν
853 866 889 934 δὲ
912 867 967 935 καλ
990 870 1093 952 λόγου

73 977 172 1058 άξιον
195 974 378 1062 ἐπολέμησε
400 976 483 1062 πρὸς
504 977 701 1060 Τυρρηνοὺς
722 977 878 1060 πόλεμον.
914 977 1094 1059 ποιήσομαι

75 1083 114 1149 δὲ
137 1080 215 1169 περὶ
236 1093 305 1148 τῶν
322 1081 574 1165 πολιτευμάτων
593 1081 697 1147 αὐτοῦ
715 1065 849 1167 πρῶτον
867 1084 947 1158 τοὺς
964 1082 1095 1163 λόγους.

143 1188 233 1255 ΧΠΙ.
265 1187 384 1265 Εὐθὺς
411 1188 478 1272 άμα
504 1194 550 1275 τςδ
578 1191 784 1273 παραλαβεῖν
809 1188 871 1270 τὴν
900 1186 1005 1273 ἀρχὴν
1029 1185 1094 1252 διέ-

73 1321 170 1382 νειμε
197 1297 260 1379 την
289 1296 454 1379 δημοσίαν
480 1294 594 1380 χώραν
617 1303 687 1371 τοϊς
709 1295 893 1379 θητεύουσι
911 1288 1094 1378 Ῥωμαίων·
1109 1310 1136 1349 10

74 1408 190 1471 ἐπειτα
218 1403 298 1478 τοὺς
324 1402 450 1485 νόμους
472 1400 552 1478 τούς
573 1422 609 1466 τε
633 1403 915 1478 συναλλακτικοὺς
936 1398 992 1467 καὶ
1017 1403 1096 1477 τοὺς

74 1508 153 1596 περὶ
176 1519 244 1574 τῶν
267 1506 480 1591 ἀδικημάτων
504 1505 691 1592 ἐπεκύρωσε
714 1517 785 1585 ταῖς
808 1507 983 1593 φράτραις·
1008 1502 1096 1590 ἦσαν

75 1614 116 1682 δὲ
143 1613 350 1699 πεντήκοντά
376 1635 443 1679 που
471 1613 612 1697 μάλιστα
638 1615 699 1679 τὸν
726 1613 888 1699 άριθμόν,
917 1609 966 1679 ὧν
994 1609 1095 1679 οὐδὲν

76 1721 197 1807 δέομαι
220 1725 410 1805 μεμνῆσθαι
431 1721 514 1784 κατά
535 1722 573 1785 τὸ
596 1722 715 1806 παρόν.
755 1727 795 1803 τῇ
818 1742 853 1784 τε
876 1721 970 1785 πόλει
993 1720 1131 1804 προσ-2

75 1827 181 1912 ἔθηκε
214 1827 277 1892 δύο
309 1828 453 1910 λόφους,
484 1828 544 1891 τόν
571 1848 607 1891 τε
636 1825 856 1910 Οὐιμινάλιον
886 1827 1095 1909 καλούμενον
1109 1841 1136 1882 1⁶

74 1931 134 2002 καὶ
156 1936 194 1999 τὸ
214 1931 412 2016 Ἰσκυλῖνον,
437 1927 485 1997 ὧν
508 1930 661 2018 ἑκάτερος
684 1930 861 2017 ἀξιολόγου
884 1935 1011 2010 πόλεως
1029 1934 1095 2016 ἔχει

76 2039 232 2126 μέγεθος,
255 2037 311 2104 καὶ
335 2037 500 2123 διένειμεν
519 2038 642 2116 αύτούς
660 2049 730 2116 τοῖς
749 2038 913 2116 ἀνεστίοις
926 2035 1096 2123 Ῥωμαίων

77 2149 186 2223 οἰκίας
218 2145 543 2211 κατασκευάσασθαι·
581 2147 667 2210 ἔνθα
698 2143 754 2210 καὶ
786 2146 885 2222 αὐτὸς
917 2145 1094 2228 ἐποιήσατο

76 2255 141 2338 τὴν
160 2258 293 2335 οίκησιν
312 2250 349 2317 ἐν
367 2258 413 2339 τῷ
432 2253 596 2339 κρατίστῳ
615 2261 673 2336 τῆς
688 2247 851 2328 Ἰσκυλίας
868 2253 968 2338 τόκῳ.
998 2245 1095 2326 οὗτος
1110 2251 1131 2315 3

28 2361 101 2426 66εὸ
129 2361 286 2443 βασιλεὺς
312 2363 500 2435 τελευταῖος
525 2359 650 2442 ηύξησε
672 2360 732 2424 τὸν
754 2358 935 2444 περίβολον
957 2365 1016 2440 τῆς
1037 2358 1096 2421 πό·
1110 2375 1136 2414 20

77 2472 162 2544 λεως
188 2467 268 2542 τοὺς
296 2464 359 2529 δύο
381 2474 452 2542 τοῖς
473 2462 571 2530 πέντε
594 2462 756 2551 προσθεὶς
778 2467 911 2549 λόφοις,
940 2462 1096 2548 ὀρνιθευ-

77 2573 223 2658 σάμενός
245 2592 280 2636 τε
301 2570 346 2647 ὡς
364 2573 466 2655 νόμος
483 2566 527 2654 ἦν
544 2568 600 2636 καὶ
618 2565 720 2636 τάλλα
739 2573 779 2636 τά
797 2572 880 2657 πρὸς
897 2571 1002 2648 θεοὺς
1020 2571 1097 2635 ὅσια

78 2674 354 2764 διαπραξάμενος.
381 2675 581 2763 προσωτέρω
603 2671 636 2742 δ’
655 2676 765 2742 ούκέτι
779 2681 951 2763 προῆλθεν
964 2675 985 2759 ἡ
1000 2700 1096 2742 κατα-

79 2786 181 2868 σκευὴ
209 2790 268 2866 τῆς
294 2786 422 2860 πόλεως
450 2782 512 2848 οὐκ
539 2781 675 2866 ἐῶντος,
704 2784 748 2860 ὥς
771 2801 869 2868 φασι,
897 2791 958 2848 τοῦ
982 2783 1096 2868 δαιμο-

77 2894 167 2974 νίου,
192 2882 264 2954 ἀλλ’
286 2891 378 2954 ἐστιν
400 2890 529 2954 ἅπαντα
551 2889 592 2953 τά
614 2885 689 2975 περὶ
711 2890 774 2972 τὴν
796 2891 895 2954 πόλιν
916 2890 1096 2974 οἰκούμενα
1110 2905 1137 2946 25

77 2999 199 3082 χωρία,
230 2996 336 3060 πολλά
364 2997 445 3060 ὄντα
471 2992 526 3060 καὶ
550 2995 691 3079 μεγάλα,
719 2997 830 3079 γυμνά
852 2992 907 3060 καὶ
931 2994 1096 3079 ἀτείχιστα

154 3219 728 3302 1παραλαμβάνει-2πολλδιωύβ.Β
814 3223 971 3343 3κρμίατα
990 3217 1097 3272 add.B

75 3300 152 3364 8πρ
155 3293 272 3348 ότωνυ.
286 3292 390 3349 Reiske
446 3299 478 3347 13
497 3313 553 3349 που
568 3293 686 3364 μάλιστα
701 3293 804 3346 αδύ.Β
859 3242 1097 3356 1ρμίσ6κυλ<ὒνον

75 3366 99 3420 Β
179 3369 213 3418 18
238 3361 313 3418 ἔνθα
336 3363 390 3420 del.
409 3363 555 3433 Kiessling
582 3382 655 3418 κατα
636 3380 688 3416 ακσ
673 3383 743 3418 καευ
736 3364 852 3418 σασθαι
880 3357 946 3414 ἐντα
947 3360 1019 3410 σθα·
1048 3353 1098 3404 καὶ

73 3433 220 3490 Bueheler
292 3439 326 3488 26
345 3433 412 3490 όντα
430 3435 519 3489 πολλὰ
537 3433 590 3488 ΑΒ
