2414 3840
524 179 686 228 ..Ε-

96 339 196 423 ίερῶν
228 338 433 422 καλούμενος
465 339 630 421 βασιλεύς.
669 335 725 402 καλ
756 338 954 401 καθίσταται
982 346 1114 419 πρῶτος

98 444 198 530 ίερῶν
231 446 387 526 βασιλεὺς
414 445 548 521 Μάνιος
571 447 738 530 Παπίριος
770 442 806 509 έκ
834 453 902 507 τῶν
928 446 1112 528 πατρικίων

95 550 180 635 άνὴρ
203 550 342 634 ἡσυχίας
365 554 471 635 φίλος.

162 657 203 721 ΙΙ.
227 653 283 733 Ὡς
306 652 344 721 δὲ
366 659 609 741 κατεστήσαντο
632 664 746 740 ταῦτα,
770 658 950 738 δείσαντες,
974 656 1022 732 ὡς
1040 652 1161 740 §polee

73 764 198 845 τδοκεῖ,
221 764 266 848 μὴ
290 763 371 843 δόξα
393 774 464 840 τοῖς
481 768 617 841 πολλοῖς
635 762 809 847 ἐγγένηται
826 760 901 848 περὶ
919 770 977 846 τῆς
995 769 1115 845 καινῆς

94 872 262 947 πολιτείας
289 871 351 935 οὐκ
378 869 522 954 άληθης,
553 871 604 934 ὅτι
627 870 690 935 δύο
714 873 862 953 βασιλεῖς
883 870 995 954 κύριοι
1018 872 1114 951 γεγό-

94 993 172 1040 νασι
195 984 253 1060 τῆς
275 979 403 1053 πόλεως
425 971 504 1041 ἀνθ’
522 975 597 1052 ἑνὸς
617 973 774 1059 ἑκατέρου
791 987 860 1041 τῶν
877 974 1016 1039 ὑπάτων
1034 977 1114 1050 τοὺς

95 1082 225 1147 δώδεκα
257 1081 403 1160 πελέκεις
435 1086 583 1167 ἔχοντος,
607 1062 731 1169 1ὥσπερ
764 1077 856 1167 εἶχον
888 1083 924 1147 οί
953 1085 1113 1164 βασιλεῖς,

95 1190 230 1272 ἔκριναν
259 1192 297 1254 τό
327 1212 362 1253 τε
395 1186 470 1265 δέος
500 1187 686 1272 ἀφελέσθαι
713 1199 781 1253 τῶν
807 1192 953 1253 πολιτῶν
976 1186 1115 1272 καὶτῆς

59 1318 85 1356 10
95 1292 246 1372 ἐξουσίας
278 1305 416 1379 μειῶσαι
448 1295 508 1359 τὸν
539 1297 691 1378 φθόνον,
722 1304 784 1360 τοῦ
812 1291 873 1379 μέν
900 1291 1018 1380 ἑτέρου
1045 1304 1114 1359 τῶν

94 1400 231 1465 ὑπάτων
258 1403 337 1476 τοὺς
360 1401 489 1466 δώδεκα
512 1401 750 1479 κατατάξαντες
772 1406 995 1488 προηγεῖσθαι
1018 1398 1114 1466 πελέ-

94 1529 172 1588 κεις,
195 1515 256 1572 τοῦ
280 1505 309 1572 δ’
334 1505 449 1593 ἑτέρου
473 1509 602 1573 δώδεκα
625 1507 789 1594 ὑπηρέτας
809 1508 957 1593 ῥάβδους
975 1509 1115 1592 ἔχοντας

95 1615 216 1697 μόνον,
245 1613 289 1690 ὡς
313 1612 353 1678 δέ
372 1636 460 1690 τινες
483 1614 669 1700 ἱστοροῦσι,
692 1612 748 1679 καλ
771 1615 930 1700 κορύνας,
954 1616 1115 1698 γίνεσθαι

95 1715 133 1784 δὲ
164 1729 232 1785 τῶν
261 1719 426 1785 πελέκεων
453 1721 515 1804 τὴν
542 1721 734 1806 παράληψιν
763 1720 799 1786 έκ
825 1730 1025 1807 περιτροπῆς
1053 1719 1115 1786 ἕνα

59 1847 84 1888 15
94 1834 182 1910 μῆνα
217 1826 412 1911 κατέχοντος
444 1826 567 1904 αὐτοὺς
599 1825 756 1914 ἑκατέρου
787 1825 966 1913 παραλλάξ.
1011 1836 1114 1892 τοῦτο

59 1935 80 1998 2
95 1932 136 2013 δὴ
151 1931 189 1995 τὸ
203 1935 386 2017 πολίτευμα
400 1932 684 2018 καταστησάμενοι
696 1931 752 1998 καὶ
766 1935 849 1999 άλλα
862 1935 993 2011 τούτοις
1007 1957 1115 2021 παρα-

94 2040 217 2121 πλήσια
245 2038 307 2104 οὐκ
335 2037 431 2121 ὀλίγα
453 2041 633 2125 πρόθυμον
658 2039 818 2124 έποίησαν
840 2042 888 2117 είς
909 2041 972 2124 τὴν
995 2041 1161 2125 διαμο-εεκ

93 2146 158 2228 νην
182 2155 249 2210 τῶν
272 2145 475 2230 πραγμάτων
502 2145 562 2210 τὸν
586 2145 735 2229 δημότην
757 2143 812 2210 καὶ
834 2146 992 2210 ταπεινὸν
1011 2147 1115 2230 όχλον

93 2249 149 2315 καλ
172 2253 236 2337 γάρ
250 2253 338 2328 τοὺς
359 2251 486 2334 νόμους
507 2251 587 2327 τοὺς
609 2248 685 2337 περὶ
707 2261 776 2316 τῶν
799 2254 1015 2336 συμβολαίων
1033 2257 1114 2330 τοὺς

58 2381 84 2419 ω
93 2356 158 2423 ὑπὸ
176 2360 322 2423 Τυλλίου
345 2355 533 2443 γραφέντας
556 2343 818 2443 φιλανθρώπους
835 2355 892 2423 καὶ
910 2359 1114 2443 δημοτικοὺς

94 2458 181 2529 εἶναι
214 2464 412 2545 δοκοῦντας,
450 2461 510 2540 οὓς
541 2463 688 2540 ἅπαντας
718 2463 877 2529 κατέλυσε
914 2466 1112 2551 Ταρκύνιος,

94 2570 323 2635 ἀνενεώσαντο
355 2567 411 2634 καὶ
437 2570 496 2646 τὰς
522 2572 646 2646 θυσίας
673 2569 731 2646 τάς
757 2594 793 2635 τε
819 2572 901 2635 κατά
928 2573 1030 2636 πόλιν
1056 2571 1113 2637 καλ

93 2678 151 2753 τάς
174 2673 227 2741 ἐπὶ
250 2686 317 2740 τῶν
340 2675 465 2761 ἀγρῶν,
489 2674 527 2752 άς
550 2674 726 2742 ἐποιοῦντο
747 2687 868 2754 κοινῶς
886 2680 1062 2756 συνιόντες
1080 2680 1116 2745 οί

95 2784 236 2866 δημόται
263 2804 298 2845 τε
326 2779 381 2846 καλ
411 2783 446 2846 οί
470 2781 626 2867 φυλέται,
654 2783 755 2847 πάλιν
777 2781 983 2869 προσέταξαν
1007 2784 1114 2850 ἐπιτε-

168 2938 352 3006 ΙκρῶτονΒ
427 2937 681 3063 2παπ<ί>ριοςΒ
755 2934 1021 3011 5έ<γ>γένηταιΒ
1096 2948 1113 2995 9

93 3011 240 3077 κρίναντες
254 3009 277 3061 Β
291 3012 369 3132 ρτῶν
387 3013 496 3064 πολλῶν
515 3011 586 3064 Hert
598 3011 644 3064 ein
657 3010 774 3064 Hermes
787 3009 814 3063 X
823 3017 875 3064 413
931 3017 963 3064 11
978 3019 1114 3082 προηγεῖ-

94 3085 165 3134 σθαι
189 3079 318 3134 Sehnele
336 3079 433 3134 Exere.
453 3098 480 3148 p.
496 3087 530 3135 30
566 3081 700 3151 ἡγεῖσθαι
719 3081 742 3136 Ο
833 3086 867 3134 14
884 3090 1071 3152 παρατροπῆς
1089 3083 1112 3136 Β

131 3158 164 3205 15
184 3150 328 3222 παραλλὰξ
347 3150 401 3204 del.
417 3151 547 3205 Sehnelle
560 3151 657 3207 Exere.
672 3171 699 3221 p.
714 3157 747 3207 21
765 3155 769 3220 1
784 3160 867 3207 τοῦτο
880 3171 911 3206 τε
926 3151 961 3220 δὴ
976 3168 1000 3206 ο.
1015 3152 1114 3208 Kiess-

94 3221 155 3291 ling
227 3230 259 3277 16
278 3223 327 3277 καλ
346 3222 416 3276 άλλα
434 3223 542 3287 τούτοις
559 3221 741 3293 παραπλήσια
760 3224 812 3277 ούκ
831 3223 910 3293 ὀλίγα
928 3222 1070 3293 praebent
1089 3224 1113 3279 Ο

93 3293 269 3363 μοεῖςόχλον,
288 3293 464 3362 transposuit
481 3293 582 3348 Portus
656 3300 689 3347 1‘1
708 3303 905 3364 πραγματειῶν
924 3311 947 3349 ο.
964 3292 1093 3349 Kieeslin

132 3371 164 3419 19
184 3363 329 3437 συμβόλων
347 3364 370 3416 Β
387 3373 390 3424 Ι
406 3366 471 3427 τοὺς
490 3365 543 3420 deL
563 3363 708 3434 Kiessling
775 3372 809 3420 22
829 3367 933 3428 θυσίας
950 3365 1000 3418 καλ
1018 3366 1070 3430 τὰς
1088 3313 1113 3419 ἕ

94 3451 132 3488 an
149 3439 252 3498 θυσίας
270 3435 318 3489 καλ
337 3435 414 3499 λιτάς
431 3435 497 3498 τάςῖ
569 3443 604 3490 24
622 3434 842 3509 πρ<οσέ>ταξαν
860 3436 908 3490 Bb
