2414 3840
565 185 722 238 ,ς-

133 349 227 425 όντες
257 344 313 412 καὶ
345 351 440 432 φίλοι
471 344 528 412 καὶ
559 349 637 423 τοὺς
669 345 792 424 αύτούς
823 346 1035 431 ὀμωμοκότες
1066 342 1156 424 ἕξειν

134 454 278 542 ἐχθρούς
300 452 356 519 καὶ
379 457 509 539 φίλους,
534 453 689 518 ἁπάντων
709 453 924 539 ὑπεριδόντες
942 454 1075 518 τούτων
1095 453 1156 517 πό-

134 566 236 646 λεμον
265 558 487 646 ἐπιφέρουσιν
510 559 591 644 ήμϊν
614 561 747 643 άδικον,
778 560 840 645 ούχ
861 556 946 646 ὑπὲρ
970 558 1075 644 ἀρχῆς
1098 555 1155 624 καλ

136 668 342 749 δυναστείας,
367 666 547 753 ὁποτέρους
568 666 663 752 ήμῶν
681 672 807 752 μᾶλλον
822 666 928 753 αὑτήν
942 669 1031 752 ἐχειν
1049 681 1155 750 προσ-

111 782 227 857 εήκευ·
259 768 360 857 ἧττον
385 775 449 859 γὰρ
477 772 519 839 διν
545 768 589 856 ήν
612 774 740 838 δεινόν·
777 769 850 839 ἀλλ’
870 769 956 858 ὑπέρ
982 780 1042 856 τής
1069 776 1203 857 Tap-105

135 882 263 945 κυνίων
292 881 508 966 τυραννίδος,
539 880 596 945 ἴνα
625 881 754 964 δούλην
781 877 852 945 ἀντ’
879 877 1062 964 ἐλευθέρας
1092 881 1155 963 τήν

99 992 119 1056 3
134 991 232 1053 πόλιν
252 987 366 1065 αὐτοῖς
383 988 556 1071 ποιήσωσι.
594 987 656 1073 χρή
677 983 714 1052 δέ
731 984 788 1052 καὶ
805 986 901 1070 ὑμᾶς,
920 987 1042 1071 ἄνδρες
1056 990 1155 1071 λοχα·

137 1095 196 1177 μοί
214 1117 250 1159 τε
272 1091 328 1159 καί
346 1105 554 1181 στρατιῶται,
577 1096 758 1178 μαθόντας,
781 1093 833 1158 ὅτι
851 1092 1046 1177 συμμάχους
1065 1095 1155 1177 ἔχετε

137 1203 216 1277 τοὺς
242 1201 360 1283 θεούς,
389 1200 484 1285 οἵπερ
514 1197 579 1264 αίελ
605 1201 668 1283 τήν
694 1202 793 1265 πόλιν
817 1199 997 1282 σώζουσιν,
1026 1199 1155 1282 ἄνδρας

102 1331 128 1370 10
139 1305 290 1388 ἀγαθοὺς
317 1304 476 1388 γενέσθαι
502 1303 578 1391 περὶ
604 1307 703 1370 τόνδε
729 1306 790 1371 τὸν
817 1304 943 1389 ἀγῶνα·
981 1304 1157 1390 ἐπισταμέ-

137 1434 230 1494 νους,
253 1412 305 1477 ὅτι
326 1422 385 1496 τῆς
407 1413 496 1494 παρὰ
518 1417 611 1476 θεῶν
634 1414 795 1496 βοηθείας
816 1411 956 1497 ὑπάρχει
973 1412 1156 1495 τυγχάνειν

138 1529 208 1593 τοῖς
234 1521 396 1601 γενναίως
424 1515 681 1601 ἀγωνιζομένοις
707 1514 764 1583 καί
785 1517 893 1582 πάντα
915 1519 955 1582 τά
976 1512 1058 1602 παρ’
1083 1516 1157 1583 ἑαν-

138 1634 207 1701 τοῑς
230 1626 277 1702 είς
299 1625 337 1689 τὸ
355 1633 454 1690 νικᾶν
472 1626 633 1710 πρόθυμα
651 1621 899 1710 παρεχομένοις,
924 1624 966 1689 ού
984 1634 1057 1701 τοῖς
1076 1624 1156 1710 φεύ-

139 1747 258 1814 γουσιν
282 1732 317 1797 ἐκ
340 1742 408 1797 τῶν
430 1730 612 1813 κινδύνων,
636 1729 719 1795 ἀλλά
741 1741 811 1808 τοῖς
833 1729 1053 1815 βουλομένοις
1071 1729 1157 1814 ὑπὲρ

103 1863 129 1904 15
139 1836 266 1904 ἑαυτῶν
288 1842 518 1922 ταλαιπωρεῖν.
559 1837 699 1922 ὑπάρχει
723 1830 754 1901 δ’
784 1835 864 1921 ήμῑν
887 1839 994 1902 πολλοὶ
1017 1833 1082 1921 μὲν
1101 1833 1157 1902 καὶ

139 1945 223 2008 άλλα
254 1946 522 2028 πλεονεκτήματα
553 1945 637 2029 πρὸς
667 1944 706 2008 τὸ
738 1950 842 2008 νικᾶν·
867 1944 932 2008 ὑπὸ
965 1952 1024 2027 τῆς
1055 1945 1157 2029 τύχης

139 2047 448 2136 παρεσκευασμένα,
476 2051 551 2134 τρία
575 2045 613 2113 δὲ
634 2049 771 2115 πάντων
792 2049 951 2114 κάλλιστα
973 2047 1030 2114 καὶ
1055 2074 1156 2133 φανε-

140 2156 277 2242 ρώτατα.

206 2262 283 2328 VII.
316 2266 459 2348 Πρῶτον
491 2257 554 2345 μέν
584 2262 622 2326 τὸ
653 2255 732 2347 παρ’
763 2259 915 2344 ἀλλήλων
947 2264 1083 2342 πιστόν,
1116 2258 1156 2328 οὗ

107 2397 134 2436 νο
144 2370 284 2454 μάλιστα
308 2370 362 2434 δεῖ
380 2378 451 2445 τοϊς
474 2365 633 2452 μέλλουσι
654 2377 723 2432 τῶν
741 2366 874 2453 ἐχθρῶν
892 2369 1082 2451 κρατήσειν.
1117 2368 1157 2433 οὐ

140 2479 204 2562 γὰρ
228 2473 433 2560 ἀρξαμένους
455 2473 541 2559 ὑμᾶς
559 2475 702 2558 τήμερον
721 2472 876 2555 ἀλλήλοις
894 2467 980 2538 εἶναι
999 2477 1158 2557 βεβαίους

140 2586 262 2668 φίλους
291 2579 421 2646 δεῖκαὶ
443 2581 581 2655 πιστούς
604 2579 810 2664 συμμάχους,
841 2575 913 2643 ἀλλ’
935 2578 955 2662 ἡ
978 2578 1100 2665 πατρὶς
1122 2580 1157 2646 ἐκ

141 2692 267 2754 πολλοῦ
297 2681 396 2753 τοῦθ’
423 2689 525 2752 άπασι
552 2687 776 2772 παρεσκεύακε
804 2685 963 2768 τάγαθόν.
1010 2684 1067 2751 καὶ
1094 2689 1203 2772 χδρωι

212 2884 230 2932 4
248 2879 384 2950 προσήκει
408 2896 430 2933 ο.
454 2878 583 2933 Ηειιλοίω
600 2879 717 2932 Hermes
736 2877 763 2930 X
780 2883 834 2932 414
943 2885 958 2933 7
978 2879 1089 2951 αὐτοῖς]
1108 2876 1159 2934 αὑ-

141 2956 191 3013 θις
214 2967 236 3004 ο.
260 2949 399 3004 Bficheler
490 2955 523 3003 11
546 2948 621 3020 περὶ]
646 2948 725 3019 παρὰ
748 2965 771 3004 ο.
789 2948 894 3003 Reiske
987 2955 1019 3004 12
1039 2944 1159 3013 ἑαυτούς

142 3020 220 3077 ABG
262 3016 373 3084 ἑαυτοῖς
395 3020 448 3074 DE
486 3015 594 3076 ἑαυτῶν
618 3037 640 3074 ο.
664 3020 769 3074 Reiske
805 3025 864 3082 τοῖς
887 3019 1002 3075 ἅπαντα
1024 3019 1061 3074 τὰ
1083 3019 1155 3077 καθ’

142 3091 260 3156 ἕαντοὺς
283 3108 305 3145 ο.
330 3090 419 3146 Cobet
442 3090 507 3147 Obs.
526 3110 553 3161 p.
571 3097 621 3145 110
712 3097 745 3145 13
763 3093 929 3161 προθυμίαν
948 3090 1053 3146 ΑΒΕο
1089 3107 1159 3163 προ-

141 3166 234 3239 θυμία
262 3162 341 3217 DEb
382 3161 519 3233 πρόθυμα
547 3179 570 3218 ο.
597 3162 755 3232 Stephanus
796 3161 846 3216 καὶ
867 3170 963 3216 πᾶσαν
985 3160 1102 3226 πάντως
1123 3163 1158 3219 τὰ

141 3232 216 3307 παρ’
238 3230 349 3296 ἑαυτοῖς
363 3266 396 3274 -
411 3235 577 3304 προθυμίαν
600 3232 804 3303 παρεχομένοις
826 3232 991 3287 dubitanter
1015 3252 1038 3289 ο.
1063 3234 1158 3288 Kiess·

141 3309 203 3377 ling
257 3312 291 3361 15
310 3305 417 3376 ὴμῖνΒ
454 3306 520 3374 ὑμῖν
539 3304 565 3356 R
619 3310 651 3358 17
671 3304 826 3374 μάλισταΟ
863 3304 996 3359 κάλλιστα
1015 3321 1038 3359 ο.
1052 3305 1158 3360 Reiske

143 3379 256 3450 μέγιστα
270 3375 415 3446 Kiessling
432 3379 436 3446 Ι
452 3375 639 3446 φανερώτατα
652 3384 742 3430 ταῦτα
755 3391 778 3429 ο.
793 3375 931 3430 Bficheler
990 3381 1024 3430 22
1043 3377 1159 3439 πιστούς

142 3451 276 3520 ἡγεῖσθαι
294 3447 455 3518 συμμάχους
473 3463 495 3500 ο.
515 3445 617 3500 Reiske
