2414 3840
493 170 655 220 -Ε-
1017 167 1082 234 217

57 341 206 416 χωρεῖν·
236 328 294 397 καί
312 325 399 414 ἦσαν
418 322 512 396 οὗτοι
530 337 575 417 τῷ
595 332 717 413 πληθει
735 329 971 396 πιθανώτατοι.
1009 326 1120 409 ἐξω-5

61 430 235 522 θυίμευοι
273 438 314 520 δὴ
352 438 435 523 πρὸς
466 446 534 502 τών
565 437 823 522 παραινούντων
854 436 916 518 την
948 438 1085 522 εἰρήνην

64 534 166 623 ἄγειν
196 544 233 611 οί
261 545 322 610 τὸν
349 545 495 628 πόλεμον
522 541 792 627 ἐπισπεύδοντες,
824 545 923 609 τοῦτό
952 567 989 627 γε
1016 546 1086 609 πεί-

67 647 175 717 θουσι
195 660 334 737 ποιησαι
356 650 418 733 την
441 649 617 734 ἐκκλησίαν
635 654 860 735 τελευτῶντες,
883 651 1086 738 πρεσβευτάς
1189 698 1195 715 .

69 756 131 832 εἰς
146 751 269 844 Ῥώμην
299 757 490 823 ἀποστεῖλαι
516 758 596 833 τοὺς
622 754 913 842 παρακαλέσοντας
939 758 1006 842 άμα
1028 755 1113 823 καὶὸ

73 865 386 948 συμβουλεύσοντας
416 873 455 949 τῇ
485 865 580 928 πόλει
607 860 765 947 δέχεσθαι
797 866 1004 949 Ταρκυνίους
1029 863 1085 930 καί

75 971 154 1046 τούς
170 972 291 1048 ἀλλους
310 971 463 1057 φυγάδας
481 967 531 1037 ἐπ’
549 969 644 1056 ἀδείρι
663 968 719 1035 καί
738 969 913 1057 ἀμνηστίρι,
936 967 1085 1055 καὶπερὶ

11 1076 203 1143 θσθτούτων
225 1078 323 1163 ὅρκια
340 1078 500 1161 τεμόντας
516 1083 556 1161 τῇ
574 1078 701 1163 πατρίῳ
719 1078 919 1161 κοσμεῖσθαι
937 1078 1086 1164 πολιτείᾳ

78 1177 135 1245 καί
157 1193 212 1269 της
238 1184 434 1267 Φιδηναίων
455 1185 583 1260 πόλεως
606 1182 826 1248 ἀπανιστάναι
849 1185 909 1249 τὸν
932 1184 1085 1268 στρατόν,

81 1282 128 1362 ὧς
145 1300 238 1374 σφῶν
260 1312 299 1374 γε
323 1290 384 1375 οὐχ
407 1288 670 1375 ὑπεροψομένων
692 1302 865 1375 συγγενεῖς
887 1288 942 1356 καί
965 1294 1086 1375 φίλους
1099 1304 1128 1344 1⁰

85 1386 318 1481 ἀφαιρεθέντας
339 1396 402 1478 τὴν
423 1397 581 1482 πατρίδα·
613 1395 672 1461 ἐδιν
696 1393 734 1461 δὲ
756 1397 939 1484 μηδέτερον
956 1399 1086 1464 τούτων
1115 1378 1120 1387 ’

83 1492 278 1586 ὗσομείνωσι
300 1503 466 1588 πράττειν,
489 1504 563 1568 τότε
587 1502 832 1586 βουλεύσεσθαι
854 1503 1009 1590 περὶτοῦ
1027 1525 1086 1570 πο-

86 1602 189 1688 λέμου·
213 1609 277 1674 ούκ
295 1608 497 1692 ἀγνοοῦντες
515 1607 588 1694 μέν,
603 1609 797 1675 ὅτιτούτων
812 1609 990 1695 οὐδέτερον
1004 1610 1086 1675 ύπο-
1101 1612 1122 1676 6

85 1723 212 1785 mmm
226 1711 392 1802 Ῥωμαῖοι,
409 1716 595 1802 προφάσεις
613 1711 650 1781 δὲ
668 1722 726 1799 τῆς
744 1718 868 1801 ἔχθρας
885 1717 1087 1800 βουλόμενοι

83 1815 188 1902 λαβεῖν
211 1821 399 1907 εὐπρεπεῖς,
429 1818 485 1886 καί
507 1824 586 1899 τοὺς
609 1820 887 1906 ἐναντιουμένους
910 1825 1006 1906 σφίσι
1029 1827 1085 1887 θε-
1101 1839 1130 1880 ισ

81 1932 225 2007 θαπείαις
251 1929 290 1994 ἐν
317 1936 362 2016 τῷ
389 1927 511 2012 μεταξὺ
537 1930 648 2015 χρόνφ
671 1926 727 1993 καὶ
748 1929 883 2014 χάρισιν
906 1927 1087 2007 ἐπάξεσθαι

77 2038 272 2118 1’(ῖριίζοντες.
313 2043 416 2101 ταῦτα
438 2035 667 2120 ψηφισάμενοι
689 2033 745 2099 καὶ
767 2037 892 2121 χρόνον
915 2026 1087 2121 ὁρίσαντες

75 2127 246 2208 ἐνιαύσιον
258 2137 429 2226 Ῥωμαίοις
443 2137 504 2226 μὲν
518 2144 652 2224 βουλῆς,
672 2138 802 2218 ἑαυτοῖς
816 2138 853 2206 δέ
867 2150 1086 2228 παρασκευῆς,

71 2243 129 2312 καί
149 2248 354 2335 πρεσβευτὰς
372 2246 615 2331 ἀποδείξαντες,
639 2246 699 2325 οὓς
717 2249 902 2333 Ταρκύνιος
919 2248 1086 2332 ἐβούλετο,

68 2339 231 2422 διέλυσαν
252 2356 313 2419 τὸν
335 2356 512 2438 σύλλογον.
1100 2371 1130 2413 εο

139 2460 227 2528 LIII.
251 2459 575 2526 Διασκεδασθέντων
599 2456 636 2526 δὲ
658 2470 726 2526 τῶν
744 2463 903 2527 Λατίνων
923 2461 1007 2526 κατδι
1028 2464 1088 2527 πό·

65 2556 156 2652 Ᾰόις,
189 2568 334 2654 δρῶντες
365 2567 401 2632 οί
429 2565 505 2653 περί
530 2569 706 2651 Μαμίλιόν
736 2590 772 2632 τε
801 2566 857 2632 καί
889 2568 1087 2652 Ταρκύνιον,

63 2655 125 2739 ὅτι
151 2683 223 2751 ταῖς
245 2673 409 2751 σπουδαῖς
431 2672 706 2738 ἀναπεπτώκασιν
728 2674 764 2739 οί
783 2675 917 2758 πολλοί,
945 2676 1004 2753 τὰς
1026 2672 1087 2760 μέν

59 2763 275 2867 ὑπερορίους
311 2779 446 2856 ἐλπίδας
482 2779 527 2856 ὡς
563 2778 604 2844 ού
639 2780 728 2844 πάνυ
763 2782 899 2863 βεβαίας
929 2780 1087 2866 ἀφίεσαν·

57 2885 294 2972 μεταθέμενοι
326 2882 363 2952 δὲ
390 2887 448 2962 τὰς
473 2886 606 2970 γνώμας
632 2887 693 2950 τὸν
719 2887 892 2952 πολιτικὸν
917 2887 974 2953 καί
1001 2889 1087 2973 ἀφύ-
1100 2906 1130 2947 νε

55 2979 194 3059 λαντον
223 2993 436 3078 ἐμηχανῶντο
464 2994 610 3076 πόλεμον
637 2990 671 3071 ἐξ
700 2992 801 3077 αὐτῆς
824 2992 1007 3080 ἀναστῆσαι
1029 3003 1087 3077 τῆς

147 3157 163 3206 6
185 3170 214 3206 τε
239 3151 261 3206 Ο
298 3168 329 3220 γε
352 3148 496 3218 Kiessling
569 3154 602 3202 11
626 3148 689 3218 οόχλ
711 3148 927 3221 περιοψομένων
951 3167 974 3205 ο.
999 3149 1088 3204 Cobet

58 3204 142 3278 Qbs.
158 3239 186 3291 p.
208 3228 275 3277 102*
352 3226 384 3276 16
404 3215 561 3286 ἐπάξεσθαι
579 3220 605 3273 Α
632 3220 708 3289 quod
731 3220 787 3275 def.
805 3220 979 3276 Ritschelius
1015 3216 1087 3273 ύπά-

58 3275 216 3348 ἔεσθαιΒ
278 3297 310 3348 17
329 3289 519 3361 ψηφιζόμενοι
540 3291 589 3344 ΑΒ
648 3297 682 3346 23
701 3297 765 3345 ταῖσ
783 3294 919 3353 σπονδαῖς
937 3291 990 3344 ΑΒ
1025 3291 1090 3347 ταῖς

58 3366 213 3490 ἕὲμοὲδαῖς
231 3361 322 3417 Cobet
338 3361 443 3416 Variae
461 3362 537 3419 Lech.
556 3381 583 3432 p.
599 3368 652 3417 200
724 3368 759 3415 24
777 3363 928 3433 ὑπερορίας
942 3361 967 3413 Α
983 3363 987 3430 Ι
1004 3359 1089 3424 ἀφειέ
