2414 3840
489 156 649 208 ..5„

62 317 219 399 σπουδὴν
242 314 297 381 καὶ
320 317 492 401 πρόνοιαν.
534 323 637 380 ταῦτα
660 312 690 380 δ’
714 315 936 401 ἀπειργάσθαι
959 318 1081 399 συγκύ-

62 434 195 502 ψαντας
213 421 254 486 οὐ
274 423 352 498 τοὺς
370 421 605 506 χαριεστάτους
622 432 689 486 τῶν
707 425 900 507 πατρικίων,
924 422 1082 507 ὑβριστάς

64 527 107 594 δέ
126 551 221 605 τινας
243 525 299 592 καλ
321 526 520 604 πλεονέκτας
538 525 613 613 περὶ
632 530 859 613 χρηματισμὸν
878 530 996 594 ἀδικον
1016 531 1081 595 δει-

63 646 133 712 υώς
165 633 426 718 ἐσπουδακότας,
461 637 496 698 ολ
524 635 608 719 πρὸς
639 637 725 699 πολὺ
753 636 919 719 διάφορον
946 630 1001 700 καὶ
1029 634 1082 700 ἐπὶ

64 740 224 826 μεγάλοις
256 736 437 805 δανεισθὲν
468 741 579 816 τόκοις
610 741 716 805 πολλά
748 741 1108 830 καταδουλωσάμενοιῑι

67 851 215 932 πολιτῶν
248 847 398 930 σώματα,
430 847 561 922 τούτοις
587 840 618 908 τ’
647 845 736 930 ώμιλς
763 845 819 912 καλ
845 847 1084 933 ὑπερηφάνους

66 952 214 1036 ἀνάγκας
241 950 504 1036 προσφέροντες,
533 951 709 1036 ἀλλότριον
738 951 900 1035 ἐποίησαν
924 952 1083 1036 γενέσθαι

65 1067 126 1142 τῆς
162 1057 413 1141 ἀριστοκρατίας
445 1057 533 1122 άπαν
565 1058 602 1120 τὸ
637 1058 831 1141 δημοτικόν,
869 1057 1016 1144 ἑταιρίαν
1047 1082 1083 1124 τε

67 1163 315 1246 συστησάμενοι
337 1161 392 1228 καλ
415 1164 536 1246 ταύτης
558 1162 791 1241 ἀναδείξαντες
805 1163 949 1231 ’Ἀππιον
973 1165 1084 1230 Κλαύ-

68 1271 146 1335 διον
168 1268 330 1352 ηγεμόνα,
360 1270 548 1354 μισόδημον
570 1271 678 1356 ἀνδρα
699 1269 755 1336 καὶ
777 1270 1007 1358 ὀλιγαρχικόν,
1036 1269 1079 1336 δι’
1099 1289 1125 1328 10

66 1375 201 1442 ἐκείνου
218 1374 326 1439 πάντα
345 1377 493 1460 φύρουσι
511 1378 552 1441 τά
565 1376 739 1462 πράγματα
753 1387 810 1462 τῆς
823 1381 958 1455 πόλεως.
991 1370 1042 1454 οἷς
1055 1379 1087 1443 εί

67 1482 114 1566 μὴ
134 1481 172 1544 τὸ
194 1490 397 1566 σωφρονοῦν
415 1478 514 1566 μέρος
531 1491 589 1566 τῆς
607 1485 730 1567 βουλῆς
748 1482 903 1567 ἐμποδὼν
921 1487 1084 1568 στήσεται,

67 1586 282 1652 κινδυνεύειν
300 1583 384 1672 ὑπὲρ
405 1587 681 1673 ἀνδραποδισμοῦ
699 1611 791 1665 τινος
805 1588 860 1654 καλ
872 1598 1086 1672 κατασκαφῆς

18 1695 134 1777 ισδτὴν
156 1695 263 1757 πόλιν.
300 1696 463 1757 τελευτῶν
486 1687 516 1758 δ’
540 1692 732 1777 ἀπεφήνατο
757 1695 935 1758 συνδοκεῖν
959 1702 997 1778 τῇ
1015 1696 1086 1758 Με-

68 1801 191 1882 νηνίου
215 1804 362 1882 χρῆσθαι
385 1798 513 1882 γνώμη,
535 1796 591 1863 καὶ
613 1797 675 1880 την
697 1801 876 1883 πρεσβείαν
894 1798 990 1881 ἠξίου
1006 1796 1085 1882 πέμ
1100 1816 1125 1856 15

68 1927 147 1970 πειν
171 1906 227 1970 διά
250 1901 390 1988 ταχέων·
422 1906 501 1980 τοὺς
524 1899 556 1968 δ’
576 1904 703 1989 ἀνδρας
727 1902 951 1988 ἀφικομένους
973 1913 1085 1986 πειρᾶ-

70 2017 155 2076 σθαι
183 2005 245 2094 μὲν
267 2009 312 2086 ὡς
334 2010 515 2093 βούλονται
536 2010 788 2075 καταλύσασθαι
810 2012 872 2094 τὴν
895 2011 1029 2093 στάσιν,
1057 2013 1089 2075 εί

71 2113 110 2182 δέ
140 2118 185 2201 μὴ
213 2117 324 2199 διδοίη
352 2138 401 2193 τις
430 2116 558 2198 αὐτοῖς,
589 2114 609 2179 ἀ
637 2117 832 2199 βούλονται,
866 2115 1023 2201 δέχεσθαι
1046 2120 1087 2182 τά

72 2223 243 2306 διδόμενα.

141 2327 278 2393 LVIIII.
301 2330 397 2393 Μετά
411 2337 532 2393 τούτου
545 2327 665 2411 ἀνέστη
679 2327 816 2412 κληθεὶς
827 2327 966 2405 ’Ἀππιος
976 2331 1087 2394 Κλαύ-
1102 2345 1128 2384 2⁰

72 2435 147 2510 διος
169 2433 188 2499 ὁ
211 2443 269 2527 της
292 2433 549 2518 ἐναντιουμένης
567 2443 612 2523 τῷ
633 2436 727 2523 δήμφ
747 2436 892 2512 στάσεως
911 2435 1087 2522 <ἡγεμὼν>

71 2541 159 2625 ἀνὴρ
182 2537 265 2624 μέγα
289 2551 429 2624 φρονῶν
452 2537 504 2624 ἐφ’
527 2538 633 2629 ἑαυτῷ
656 2539 713 2606 καὶ
735 2539 825 2606 τοῦτ’
853 2543 914 2607 οὐκ
938 2544 1020 2608 ἀνευ
1039 2544 1087 2607 δι-

70 2648 169 2723 καίας
198 2645 334 2730 πάσχων
365 2647 483 2722 αίτίας·
517 2647 535 2712 ὅ
564 2670 600 2712 τε
629 2649 692 2733 γάρ
723 2649 809 2723 ίδιος
836 2647 940 2712 αὐτοῦ
968 2651 1041 2731 βίος
1070 2649 1087 2714 ὁ

71 2748 151 2817 καθ’
174 2750 300 2836 ἡμέραν
324 2753 471 2837 σώφρων
493 2751 548 2817 καλ
571 2755 692 2838 σεμνὸς
713 2748 772 2836 ἦν,
795 2754 817 2836 ἥ
839 2776 874 2818 τε
896 2757 1089 2841 προαίρεσις

71 2866 141 2922 τῶν
164 2857 413 2941 πολιτευμάτων
432 2859 570 2941 εὐγενὴς
588 2857 643 2923 καὶ
661 2860 698 2923 τὸ
718 2857 844 2943 ἀξίωμα
862 2859 1013 2939 σώζουσα
1031 2871 1089 2947 τῆς
1103 2877 1128 2918 25

150 3055 162 3102 1
183 3049 369 3120 ἀπείργασται
387 3049 410 3101 Β
427 3051 431 3118 Ι
448 3048 715 3120 συγκαλύψαντεςΑ
742 3050 1015 3176 συ<γέκύψαντεςΒ
1072 3058 1087 3106 5

72 3121 258 3183 δανείσαντες
276 3137 299 3176 ο.
318 3119 422 3174 Reiske
504 3127 520 3176 8
540 3121 794 3247 ἀριστοκραῖτ>ίας
918 3129 950 3177 11
971 3121 1089 3192 φέρουσι

72 3191 97 3246 0
136 3189 258 3259 φύρουσι
276 3190 380 3245 Reiske
438 3197 471 3246 13
490 3192 684 3247 κινδυνεύσειν
722 3193 868 3248 obetObs.
883 3212 910 3262 p.
927 3199 978 3246 124
994 3199 998 3257 Ι
1014 3212 1089 3255 τινος

72 3263 104 3316 et
122 3279 148 3315 V.
166 3267 199 3315 15
220 3261 298 3329 ἠξίου
318 3261 373 3317 del.
391 3261 467 3317 idem
528 3269 561 3318 16
580 3261 770 3333 ἀφικομένους
789 3259 836 3318 έπλ
853 3264 885 3318 τὸ
900 3259 1088 3329 στρατόπεδον

72 3350 98 3387 ο.
117 3330 263 3401 Kiessling
319 3338 351 3386 21
372 3333 482 3404 ἡγεμὼν
502 3333 565 3389 add.
584 3333 687 3390 Reiske
742 3341 776 3388 24
794 3337 860 3402 post
879 3334 997 3403 σώφρων
1017 3349 1088 3389 eras.

72 3402 114 3458 ὢν
133 3403 156 3455 Β
174 3407 178 3471 Ι
194 3401 372 3474 προαιρέσεις
390 3404 436 3458 Ba
