2414 3840
148 169 190 234 98
576 171 738 220 -Δ-

148 328 468 417 παρεσκευασμένων
488 329 650 395 εἰσελθὼν
666 331 742 414 δίχα
755 332 863 396 πόνου
881 331 998 415 κύριος
1016 331 1167 415 ἐγεγόνει

113 439 206 522 Βτῆς
228 439 363 513 πόλεως.
400 436 445 513 ὡς
468 430 499 500 δ’
521 435 675 520 ἐγνώσθη
699 436 736 501 τὸ
759 438 869 514 πάθος
892 436 1050 502 ἁπάντων
1068 460 1167 504 κατο-

111 626 114 634 ·
150 542 346 628 δυρομένων
370 540 508 619 ἑαυτοὺς
531 542 586 608 οίοι
608 543 793 625 πείσονται,
817 543 948 627 σφαγάς
969 566 1005 608 τε
1028 541 1086 609 καὶ
1110 543 1167 609 ἀυ-

150 649 401 734 δραποδισμοὺς
422 646 478 715 καὶ
500 650 608 714 πάυτα
629 649 691 713 ὅσα
709 649 953 733 καταλαμβάνει
973 650 1069 715 δεινά
1087 652 1168 727 τοὺς

124 755 215 820 εὑπὸ
242 754 419 839 τυράννων
441 754 582 832 ἁλόντας
605 755 881 840 προσδοκώντων,
910 757 942 821 εί
963 752 1000 821 δὲ
1023 757 1066 820 τὰ
1088 756 1168 842 κρά-

149 878 244 927 τιστα
265 858 434 948 πράξειαν,
462 862 616 937 δουλείας
637 883 673 926 τε
696 857 751 926 καὶ
773 860 950 946 χρημάτων
973 859 1184 947 ἀφαιρέσειςλ
1191 886 1205 918 1¹

149 965 205 1033 καὶ
236 969 276 1032 τά
304 968 403 1053 ὅμοια
428 967 560 1043 τούτοις
586 969 875 1050 κατεψηφικότων,
909 963 1053 1033 οὐδδνὸ
1082 972 1169 1053 Ταρ-

150 1075 266 1152 κύνιος
292 1069 340 1138 ὧν
368 1073 582 1157 προσεδόκων
609 1095 644 1139 τε
670 1070 725 1137 καὶ
748 1072 961 1139 ἐδεδοίκεσαν
982 1075 1095 1140 καίτοι
1116 1094 1168 1140 πι-

151 1183 229 1265 κρὸς
257 1179 361 1265 ὀργὴν
389 1177 444 1244 καὶ
470 1177 546 1265 περὶ
572 1179 631 1255 τὰς
657 1181 815 1264 τιμωρίας
836 1189 904 1244 τῶν
927 1179 1061 1266 ἐχθρῶν
1085 1179 1169 1246 ἀποι-

112 1267 305 1381 Ξραίιητος
337 1285 385 1349 διν
418 1284 567 1370 ἔδρασεν.
614 1284 690 1348 οὔτε
722 1285 785 1368 γάρ
818 1282 1009 1351 ἀπέκτεινεν
1041 1285 1171 1352 οὐδένα

153 1394 286 1474 Γαβίων
315 1385 385 1455 οὔτ’
411 1387 548 1473 ἐξήλασε
574 1399 632 1474 τῆς
658 1392 785 1467 πόλεως
812 1385 883 1455 οὔτ’
909 1392 956 1468 εἰς
983 1390 1121 1477 ἀτιμίαν
1149 1393 1171 1479 ἣ

152 1497 329 1582 χρημάτων
357 1496 535 1580 ἀφαίρεσιν
563 1494 735 1580 ἐζημίωσε,
764 1494 969 1579 συγκαλέσας
992 1495 1023 1561 δ’
1046 1499 1095 1576 είς
1118 1498 1172 1565 έκ-

152 1606 293 1685 κλησίαν
319 1603 357 1668 τὸ
380 1607 510 1686 πλῆθος
532 1599 587 1666 καὶ
610 1603 784 1685 βασιλικὸν
807 1601 843 1668 ἐκ
865 1613 1072 1689 τυραννικοῦ
1094 1607 1173 1690 πρό

152 1731 218 1774 που
250 1709 444 1794 μεταλαβὼν
475 1710 536 1792 τήν
564 1730 600 1773 τε
626 1711 725 1774 πόλιν
752 1708 866 1786 αὐτοῖς
894 1711 958 1792 ἔφη
984 1709 1048 1794 τὴν
1079 1712 1174 1778 ίδίαν

113 1834 139 1876 ιι
154 1816 353 1881 ἀποδιδόναι
378 1812 433 1879 καὶ
455 1815 513 1892 τάς
535 1813 667 1898 οὐσίας,
695 1812 733 1890 ἀς
755 1816 880 1898 ἔχουσι,
904 1826 1093 1900 συγχωρεῖν
1114 1815 1175 1883 καὶ

155 1923 219 1986 σὺν
250 1922 383 1997 τούτοις
409 1922 471 2004 τὴν
493 1915 664 2004 Ῥωμαίων
692 1921 917 1985 ἰσοπολιτείαν
943 1921 1047 1987 ἀπασι
1077 1926 1174 2009 χαρί-

155 2031 284 2110 ζεσθαι,
314 2026 355 2092 οὐ
383 2023 427 2090 δι’
450 2027 587 2092 εὔνοιαν
614 2026 675 2110 τὴν
698 2027 782 2110 πρὸς
803 2028 882 2102 τοὺς
904 2029 1066 2112 Γαβίους,
1095 2024 1171 2095 ἀλλ’

155 2134 211 2199 ἵνα
247 2135 309 2217 τὴν
336 2129 507 2216 Ῥωμαίων
542 2131 724 2216 ἡγεμονίαν
761 2130 1017 2219 ἐγκρατέστερον
1048 2133 1174 2222 κατέχῃ

154 2249 257 2305 ταῦτα
284 2237 451 2325 προίττων·
487 2240 666 2324 κρατίστην
693 2238 879 2323 ἡγούμενος
901 2240 1040 2304 ἔσεσθαι
1063 2247 1174 2325 φυλα-

116 2366 142 2406 ιο
155 2348 218 2430 κὴυ
246 2344 367 2411 ἑαυτοῦ
393 2368 429 2410 τε
457 2341 513 2410 καὶ
537 2355 605 2408 τῶν
627 2345 758 2409 παίδων
780 2344 842 2428 τὴν
864 2343 990 2410 ἐκτῶν
1012 2344 1092 2433 παρ’
1120 2347 1174 2413 ἐλ-

155 2454 254 2530 πίδας
285 2449 505 2535 σεσωσμένων
536 2448 591 2515 καὶ
622 2451 663 2515 τά
690 2452 760 2515 ίδια
786 2449 893 2516 πάντα
920 2451 1173 2537 κεκομισμένων

121 2560 277 2624 4πίστιν.
313 2555 408 2622 nal‘'
393 2582 448 2622 ιυα
471 2553 576 2642 μηδὲν
599 2556 713 2633 αὐτοῖς
735 2559 783 2621 ἔτι
806 2558 903 2641 δεῖμα
921 2555 997 2643 περὶ
1013 2567 1078 2624 τοῦ
1096 2558 1173 2645 μέλ-

157 2668 274 2739 λοντος
305 2662 434 2748 ὑπάρχχ
466 2664 592 2748 χρόνου
624 2658 701 2747 μηδ’
727 2661 860 2741 ἐνδοιάζ
844 2665 1006 2747 ζωσιν,ε
990 2663 1172 2750 είβέβαια
1193 2687 1207 2717 >v

156 2779 259 2835 ταῦτα
283 2772 379 2860 σφίσι
403 2771 561 2854 διαμευεί,
585 2768 715 2855 γράψας
737 2765 790 2853 ἐφ’
809 2760 859 2846 οἷς
877 2772 1010 2835 ἔσονται
1029 2772 1172 2850 δικαίοις

117 2895 143 2935 ιε
157 2879 266 2961 φίλοι,
295 2877 335 2941 τὰ
357 2873 432 2960 περὶ
454 2877 583 2941 τούτων
607 2875 703 2962 ὅρκια
726 2874 939 2941 συνετέλεσεν
962 2873 1017 2941 ἐπὶ
1038 2886 1099 2962 τῆς
1121 2877 1171 2944 έκ-

230 3145 245 3192 3
264 3139 410 3193 πείσονται
429 3137 539 3209 σφαγάς
555 3139 631 3192 ABb
663 3140 722 3194 πεί.
730 3155 810 3193 οντεσ
828 3136 923 3208 φυγὰς
939 3136 985 3197 Ba
1001 3141 1006 3206 Ι
1021 3157 1052 3194 τε
1069 3139 1133 3196 add
1147 3139 1169 3192 Β

159 3215 191 3265 13
211 3229 243 3280 τρ
245 3206 361 3264 ότιονσ
385 3208 474 3265 Cobet
497 3209 600 3279 ΘΒΜ)
602 3215 661 3265 ,88
734 3214 768 3263 14
771 3207 993 3298 μεταβαλὼνΑ
1067 3215 1100 3265 16
1119 3209 1169 3279 τὴν

153 3280 244 3351 Ρωμα
228 3231 339 3335 ρίοο--ν
352 3277 445 3334 ἀλλ’ί
429 3301 477 3336 ινα
496 3280 601 3334 add.B
658 3285 690 3335 18
710 3279 823 3349 κατέχοι
841 3280 867 3332 Α
903 3279 1091 3353 κατέχ<γ>Β
1136 3287 1168 3336 20

159 3301 300 3408 ἔλπίδαΒ
391 3358 424 3405 22
445 3349 486 3406 ἔτι
509 3351 573 3405 add.
592 3351 615 3404 Β
713 3357 747 3407 23
767 3301 807 3414 είς
831 3348 986 3423 βεβαια-
1006 3351 1169 3423 διαμένγΒ

160 3422 188 3478 εἰ
204 3421 332 3494 διαμένει
351 3422 374 3475 Β
392 3439 461 3477 corr
480 3421 624 3490 Kiessling
