2414 3840
561 170 725 221 ..Ε-

90 335 113 399 4
131 329 187 397 καὶ
207 329 333 397 ίππέων
352 327 408 395 καὶ
426 331 508 414 τύχη
523 327 598 415 περὶ
613 326 823 414 ἀμφοτέρους
836 330 945 414 ὁμοία.
978 327 1155 415 Ῥωμαίων

129 461 164 503 τε
188 439 251 523 γάρ
276 439 310 502 οί
330 438 367 502 τὸ
392 436 502 516 δεξιὸν
525 435 624 522 κέρας
647 439 787 521 ἔχοντες,
811 431 865 520 ἐφ’
888 431 929 502 οὗ
950 435 1153 520 τεταγμένος

132 540 174 628 ἡν
194 543 211 608 ὁ
231 543 341 629 ἑτερος
354 555 421 608 τῶν
436 533 571 608 ὑπάτων
588 541 781 629 Οὐαλέριος,
800 542 920 608 ἐνίκων
933 544 1015 619 τοὺς
1030 542 1152 608 Οὐιεν-

130 653 253 727 τανοὺς
276 648 331 715 καὶ
354 648 449 735 μέχρι
472 658 533 715 τοῦ
557 647 783 735 στρατοπέδου
803 648 980 727 διώξαντες
999 647 1150 734 ἐπληρω-

101 772 192 821 εσαν
211 766 340 842 νεκρῶν
357 757 396 822 τὸ
415 757 542 838 πεδίον,
566 759 750 841 Τυρρηνῶν
769 776 803 819 τε
823 755 858 819 οἱ
873 756 935 838 τὴν
953 764 1015 821 τοῦ
1035 754 1150 835 δεξιοῦ

128 861 265 949 κέρατος
287 866 418 948 ἔχοντες
441 863 568 945 στάσιν,
593 857 641 927 ὧν
664 861 809 944 ἡγοῦντο
833 866 931 938 Τίτος
952 860 1009 927 καὶ
1023 861 1150 940 Σέξτος

129 970 164 1035 οί
187 973 377 1056 Ταρκυνίου
408 979 469 1034 τοῦ
501 966 662 1053 βασιλέως
694 969 825 1051 παῖδες,
859 966 1040 1055 ἐτρέψαντο
1069 971 1150 1046 τοὺς

128 1073 181 1141 ἐπὶ
209 1084 269 1140 τοῦ
297 1081 395 1141 λαιοῦ
423 1078 522 1152 όντας
544 1070 715 1159 Ῥωμαίων
742 1073 894 1161 κέρατος,
923 1072 978 1140 καὶ
1001 1079 1149 1159 πλησίον

127 1190 188 1246 τοῦ
210 1183 354 1267 χάρακος
378 1182 488 1247 αὐτῶν
511 1185 687 1266 γενόμενοι
710 1185 825 1268 πείρας
845 1179 906 1266 μὲν
926 1181 989 1246 οὐκ
1007 1179 1150 1266 ἀπέστη-

89 1308 114 1346 10
129 1304 208 1370 σοιν,
237 1289 269 1352 εί
295 1289 454 1361 δύναιντο
483 1285 570 1353 ἑλεῖν
598 1289 636 1353 τὸ
660 1290 765 1374 ἔρυμα
788 1286 821 1365 ἐξ
845 1287 993 1373 ἐφόδου,
1021 1289 1151 1365 πολλὰς

128 1389 165 1458 δὲ
195 1395 321 1476 πληγάς
354 1395 512 1476 λαβόντες
544 1393 762 1458 ὑποστάντων
795 1393 917 1471 αὐτοὺς
946 1402 1015 1458 τῶν
1044 1394 1150 1459 ἔνδον

128 1498 364 1584 ἀπετράποντο.
406 1495 493 1582 ἡσαν
517 1496 550 1564 δ’
573 1499 678 1564 αὐτοῦ
700 1500 846 1583 φύλακες
870 1500 905 1564 οί
925 1499 1073 1585 τριάριοι
1097 1504 1149 1565 λε-

126 1609 275 1689 γόμενοι,
298 1609 437 1671 παλαιοί
456 1603 563 1671 τεκαὶ
582 1608 716 1671 πολλῶν
735 1608 883 1691 ἔμπειροι
902 1603 1072 1690 πολέμων,
1098 1597 1148 1682 οἷς

126 1711 290 1796 ἐσχάτοις,
320 1712 399 1778 όταν
423 1712 628 1796 ἀπογνωσθῇ
651 1720 740 1777 πᾶσα
763 1712 868 1795 ἐλπίς,
898 1714 944 1788 είς
967 1713 1046 1788 τοὺς
1070 1709 1148 1797 περὶ

20 1813 24 1820 ’
86 1838 112 1878 15
126 1829 192 1883 τῶν
216 1821 381 1904 μεγίστων
404 1818 535 1901 ἀγῶνας
556 1829 792 1904 καταχρῶνται.

193 1924 281 1989 XVI.
309 1924 398 2009 Ἤδη
429 1920 466 1989 δὲ
492 1923 568 2006 περὶ
595 1926 790 2010 καταφοράν
817 1927 915 2002 όντος
939 1924 1038 2008 ἡλίου
1062 1926 1199 2011 nobem

123 2034 203 2108 τοὺς
226 2029 354 2096 ἑαυτῶν
378 2029 585 2117 ἀνέστρεψαν
609 2029 758 2114 ἑκάτεροι
779 2032 935 2116 χάρακας,
960 2030 1002 2096 οὐ
1025 2040 1149 2096 τοσοῦ-

123 2160 184 2203 τον
213 2136 266 2203 ἐπὶ
293 2146 332 2222 τῇ
360 2141 436 2223 νίκη
465 2139 650 2223 χαίροντες,
680 2137 761 2203 ὅσον
785 2135 838 2202 ἐπὶ
860 2139 905 2225 τῷ
929 2138 1149 2220 πλὴῦειτῶν

129 2243 352 2310 ἀπολωλότων
376 2243 559 2329 ἀχθόμενοι
582 2246 648 2325 καί,
672 2246 704 2308 εί
726 2244 875 2327 δεήσειεν
898 2242 1012 2320 αὐτοῖς
1031 2240 1150 2331 ἑτέρας

87 2369 113 2409 20
127 2351 242 2436 μάχης,
262 2338 478 2436 οὐχίκανοὺς
496 2350 676 2435 ἡγούμενοι
694 2352 754 2415 τὸν
773 2349 886 2432 ἀγῶνα
901 2351 1050 2436 ἀρασδαι
1065 2354 1149 2430 τοὺς

125 2456 419 2543 περιλειπομένους
438 2467 535 2541 σφῶν
554 2459 756 2541 τραυματίας
774 2458 853 2533 τοὺς
870 2459 1015 2534 πολλοὺς
1033 2458 1147 2536 όντας.

90 2566 248 2628 2πλείων
279 2561 311 2627 δ’
338 2558 381 2645 ἡν
413 2560 488 2648 περὶ
516 2564 594 2639 τοὺς
617 2558 796 2645 Ῥωμαίους
823 2562 953 2647 ἀθυμία
980 2561 1036 2628 καὶ
1065 2564 1147 2630 ἀπό-

123 2686 247 2751 γνωσις
273 2679 341 2733 τῶν
371 2668 573 2753 πραγμάτων
602 2667 658 2732 διά
684 2668 744 2732 τὸν
766 2677 827 2733 τοῦ
849 2668 1014 2753 ἡγεμόνος
1035 2669 1147 2736 θάνα-

123 2795 196 2840 τον·
242 2771 298 2839 καί
331 2774 488 2858 λογισμὸς
521 2770 624 2859 είσὴει
656 2778 807 2858 πολλοῖς,
841 2775 885 2852 ῶς
919 2775 1058 2860 ἀμεινον
1093 2781 1145 2859 εἴη

85 2899 110 2940 ιε
126 2883 243 2965 σφίσιν
277 2880 422 2946 ἐκλιπεῖν
453 2880 512 2944 τὸν
544 2881 671 2966 χάρακα
703 2877 783 2966 πρὶν
815 2877 940 2965 ἡμέραν
970 2876 1146 2961 γενέσθαι.

123 2995 261 3053 τοιαῦτα
299 2982 331 3051 δ’
363 2986 474 3052 αὐτῶν
512 2984 763 3071 διανοουμένων
799 2984 854 3051 καὶ
892 2974 1146 3070 διαλεγομένων

123 3095 207 3179 πρὸς
230 3085 393 3178 ἀλλήλους
412 3091 487 3179 περὶ
506 3093 567 3176 τὴν
585 3094 720 3179 πρώτην
739 3115 805 3157 που
824 3094 964 3177 μάλιστα
984 3094 1147 3177 φυλακὴν

193 3293 206 3341 1
228 3283 347 3356 δωμαῦοι
364 3286 387 3339 Β
464 3292 480 3340 8
499 3282 639 3356 ρωμαίους
657 3286 704 3339 Ba
776 3291 810 3339 14
828 3293 905 3340 πᾶσα
924 3284 991 3353 άλλη
1012 3278 1093 3349 ἐλπίς
1114 3304 1142 3346 υ.

120 3357 312 3492 ξίὶςθιεοίἰεῗςΒα
340 3362 372 3411 15
392 3357 509 3426 ἀγώνων
528 3359 553 3410 A
621 3363 656 3412 20
676 3354 862 3427 αίρεῖσδαιΒ
931 3361 966 3409 24
985 3354 1074 3425 είςὴει
1093 3357 1147 3414 Bb
