2414 3840
151 187 214 251 104
576 188 738 237 -Δ-

114 350 237 435 3τρεῖς
260 347 419 432 ἐνέγκασα
442 349 479 413 τὸ
500 354 575 413 ίσον
593 347 663 434 ᾔτει
681 351 830 435 χρυσίον.
867 350 1046 434 θαυμάσας
1063 352 1104 434 δὴ
1120 352 1150 416 τὸ

149 456 301 539 βούλημα
323 464 381 539 τῆς
399 456 557 538 γυναικὸς
575 453 593 520 ὁ
613 456 799 540 Ταρκύνιος
815 458 894 532 τοὺς
913 458 1151 534 οἰωνοσκόπους

148 561 374 647 μετεπέμψατο
401 557 457 625 καὶ
485 561 728 644 διηγησάμενος
756 561 869 638 αὐτοῖς
891 563 929 626 τὸ
952 571 1103 650 πρᾶγμα,
1127 566 1155 629 τί

148 669 210 751 χρὴ
247 666 418 751 πράττειν,
455 668 562 753 ἤρετο.
612 666 759 731 κάκεῖνοι
791 668 847 731 διά
879 673 1028 752 σημείων
1060 679 1153 736 τινῶν

122 776 324 858 ιμαθόντες,
348 773 397 839 ὅτι
420 776 632 858 θεόπεμπτον
655 772 786 856 ἀγαθὸν
805 772 1010 860 ἀπεστράφη,
1034 773 1090 841 καὶ
1108 799 1154 861 με·

148 880 255 963 γάλην
278 880 456 964 συμφορὰν
475 879 719 963 ἀποφαίνοντες
737 880 774 943 τὸ
793 881 837 964 μη
857 881 964 958 πάσας
982 882 1088 948 αὐτὸν
1106 884 1156 959 τὰς

80 995 83 1000 ’
148 987 294 1070 βύβλους
315 988 490 1069 πρίασθαι,
515 985 692 1051 ἐκέλευσαν
714 985 944 1072 ἀπαριθμῆσαι
966 996 1007 1072 τῇ
1028 985 1156 1072 γυναικί

148 1093 185 1155 τὸ
213 1094 368 1177 χρυσίον,
398 1092 479 1157 ὅσον
507 1091 579 1178 ᾔτει
605 1089 661 1157 καλ
687 1094 767 1168 τοὺς
788 1094 964 1179 περιόντας
987 1103 1056 1159 τῶν
1083 1119 1155 1181 χρη-

112 1201 243 1282 4σμῶν
266 1201 391 1281 λαβεῖν.
422 1198 443 1282 ἡ
467 1195 528 1283 μὲν
552 1194 613 1264 οὖν
636 1199 722 1281 γυνὴ
741 1199 798 1276 τὰς
815 1200 962 1282 βύβλους
980 1199 1156 1267 δοῦσακαλ

109 1323 135 1362 10
149 1303 306 1388 φράσασα
342 1315 455 1389 τηρεῖν
492 1302 652 1388 ἐπιμελῶς
683 1303 716 1382 ἐξ
749 1303 940 1388 ἀνθρώπων
972 1305 1157 1390 ἠφανίσθη,

153 1409 337 1494 Ταρκύνιος
364 1404 401 1474 δέ
428 1420 496 1474 τῶν
519 1409 628 1474 ἀστῶν
651 1411 777 1496 ἀνδρας
800 1409 972 1493 ἐπιφανεῖς
995 1412 1059 1476 δύο
1082 1433 1156 1497 προ-

148 1515 377 1600 χαρισάμενος
409 1513 464 1580 καί
496 1516 678 1600 δημοσίους
710 1516 825 1594 αὐτοῖς
855 1518 1068 1601 θεράποντας
1100 1521 1158 1584 δύο

149 1620 350 1707 παραζεύξας
378 1621 517 1699 ἐκείνοις
543 1620 692 1688 ἀπέδωκε
719 1623 869 1707 τὴντῶν
892 1625 1034 1706 βιβλίων
1057 1632 1159 1710 φυλα-

148 1729 222 1810 κήν,
243 1723 291 1793 ὧν
310 1730 370 1793 τὸν
388 1726 502 1815 ἕτερον
515 1728 659 1812 Μάρκον
670 1724 812 1794 Ἀτίλιον
831 1729 959 1794 ἀδικεῖν
973 1752 1006 1794 τι
1020 1731 1201 1809 δόξανταῖῶ

110 1852 135 1892 1⁵
148 1832 224 1918 περὶ
251 1836 313 1918 τὴν
339 1835 460 1900 πύστιν
488 1832 764 1919 καταμηνυθέντα
790 1831 850 1919 ὑφ’
873 1833 947 1911 ἑνὸς
969 1846 1037 1900 τῶν
1062 1838 1160 1922 δημο-

150 1942 248 2023 σίων,
277 1941 322 2018 ῶς
348 1942 575 2023 πατροκτόνον
604 1941 651 2017 είς
678 1938 782 2003 ἀσκὸν
805 1939 951 2026 ἐνράψας
973 1943 1089 2024 βόειον
1111 1947 1161 2030 ἔρ

114 2048 248 2129 ὅριύεν
271 2048 318 2124 είς
340 2049 377 2111 τὸ
400 2047 550 2130 πέλαγος.
587 2047 667 2130 μετά
685 2042 723 2110 δὲ
740 2047 802 2130 τὴν
821 2044 962 2129 ἐκβολὴν
982 2057 1051 2113 τῶν
1070 2053 1162 2133 βασι-

149 2151 234 2218 λέων
252 2152 274 2236 ἡ
292 2155 388 2229 πόλις
402 2152 615 2236 ἀναλαβοῦσα
629 2153 771 2237 τὴντῶν
785 2162 942 2238 χρησμῶν
955 2158 1162 2240 προστασίαν

149 2260 275 2346 ἀνδρας
306 2282 341 2324 τε
368 2261 447 2336 τοὺς
476 2258 756 2343 ἐπιφανεστάτους
784 2259 1022 2325 ἀποδείκνυσιν
1052 2262 1164 2328 αὐτῶν

110 2385 136 2424 νο
150 2367 315 2449 φύλακας,
351 2369 386 2431 οἳ
411 2367 467 2432 διά
494 2368 572 2449 βίον
597 2367 722 2449 ταύτην
750 2368 863 2450 έχουσι
889 2367 951 2448 τὴν
974 2366 1164 2451 ἐπιμέλειαν

150 2483 330 2558 στρατειῶν
360 2470 534 2557 ἀφειμένοι
561 2469 616 2537 καλ
642 2481 709 2536 τῶν
737 2473 848 2537 ἀλλων
870 2483 938 2537 τῶν
960 2474 1042 2537 κατά
1064 2477 1165 2540 πόλιν

149 2590 395 2663 πραγματειῶν,
428 2576 484 2644 καὶ
512 2579 695 2661 δημοσίους
722 2578 835 2655 αὐτοῖς
861 2583 1163 2665 παρακαθίστησιν,

151 2677 198 2747 ὧν
225 2682 326 2768 χωρίς
353 2685 415 2749 οὐκ
442 2683 605 2769 ἐπιτρέπει
627 2687 685 2761 τάς
707 2683 893 2764 ἐπισκέψεις
914 2694 982 2749 τῶν
1004 2697 1164 2772 χρησμῶν

150 2800 221 2866 τοῖς
254 2789 396 2874 ἀνδράσι
427 2795 607 2855 ποιεῖσθαι.
656 2793 831 2856 συνελόντι
863 2785 895 2855 δ’
923 2792 1030 2856 εἰπεῖν
1061 2791 1165 2859 οὐδὲν

110 2911 135 2952 2⁵
150 2894 237 2960 οὕτω
266 2892 419 2980 Ῥωμαῖοι
452 2895 678 2979 φυλάττουσιν
711 2890 788 2961 οὔθ’
815 2897 909 2961 ὅσιον
941 2906 1047 2982 κτῆμα
1081 2897 1161 2965 οὔθ’

151 3001 243 3085 λερὸν
270 3001 315 3077 ὡς
341 3001 382 3065 τά
404 3002 586 3085 Σιβύλλεια
612 2999 776 3084 θέσφατα.
816 3012 960 3088 χρῶνται
984 3000 1015 3067 δ’
1038 3004 1165 3089 αὐτοῖς,

149 3155 477 3292 ποντάςπάίύΙάαδοδωοΠδ
497 3152 685 3285 δῖῗύάύσεοδιὲ
687 3157 765 3298 31)Ξο
791 3157 1065 3303 Ἥῆἀάέλέὗούάδ
1074 3165 1166 3287 mg

149 3300 281 3355 πίστινΟ
309 3299 410 3353 πύστιν
424 3316 447 3353 ο.
461 3299 598 3354 Bsicheler
614 3304 618 3370 Ι
634 3298 895 3370 καλμηνυθὲνταΟ
923 3302 1167 3371 καταμηνυθέντα

151 3369 336 3495 Sclhqplfflib.
356 3387 382 3437 p.
399 3375 432 3422 15
505 3376 537 3424 21
559 3371 631 3425 κατὰ
645 3371 734 3440 τὴνΟ
752 3371 902 3441 praeterB
972 3379 1007 3427 25
1026 3373 1166 3443 δημόσιον

152 3458 173 3495 ο.
217 3459 251 3495 ue
274 3457 331 3496 εστ

250 3582 289 3591 Α..
