2400 3848
499 192 665 244 -Ε-
1027 185 1092 250 199

59 365 170 436 σφῶν
201 354 340 437 [αὐτῶν]
371 353 388 418 ὁ
418 355 616 438 στρατηγός,
650 350 823 436 λέγουσιν,
856 351 906 415 ὅτι
930 352 1091 433 κλίμακας

63 465 273 528 τεκταίνεται
296 458 352 526 καὶ
376 460 578 545 διαβάθρας·
611 460 697 525 ὅπου
721 455 754 524 θ’
782 459 897 535 αὐταῖς
914 455 969 522 καὶ
989 456 1090 522 ὁπότε

66 565 186 646 μέλλοι
208 575 366 655 χρῆσθαι,
391 567 453 633 οὐκ
478 569 609 650 ἔφασαν
633 564 768 632 εἰδέναι.
805 574 909 632 ταῦτα
932 565 1053 650 μαθὼν
1073 563 1127 629 ὁ5

66 673 253 761 Οὐαλέριος
277 673 471 740 ἀποστέλλει
493 675 553 739 τὸν
571 675 779 759 πρεσβευτήν
794 674 944 759 Λάρκιον
963 673 1011 749 εἰς
1030 672 1089 736 τὸν

68 773 185 867 ἕτερον
211 782 340 868 χάρακα
363 785 429 866 τήν
458 805 494 846 τε
522 781 677 847 διάνοιαν
704 791 772 846 τῶν
795 783 964 865 πολεμίων
988 779 1119 862 ἐπαγ-5

68 891 233 960 τελοῦντα
256 897 302 976 τῷ
325 888 497 974 κατέχοντι
520 889 582 971 τήν
607 888 821 974 παρεμβολήν
845 887 977 969 ἐκείνην
1000 890 1092 950 Λου-

68 997 206 1082 κρητίῳ,
228 992 285 1059 καὶ
308 997 384 1060 τίνα
408 995 469 1080 χρή
494 997 620 1079 τρόπον
638 994 815 1078 ἐπιχειρεῖν
834 1004 903 1070 τοῖς
922 994 1093 1075 πολεμίοις

68 1092 345 1187 ὑποθησόμενον·
370 1101 470 1179 αὐτὸς
490 1098 526 1166 δέ
545 1105 625 1178 τοὺς
643 1100 840 1185 ταξιάρχους
857 1098 913 1164 καὶ
928 1102 1094 1183 λοχαγοὺς

66 1206 209 1285 καλέσας
237 1205 293 1272 καὶ
322 1206 453 1292 φράσας
483 1207 545 1272 ὅσα
572 1216 633 1272 τοῦ
661 1204 691 1272 τ’
723 1207 912 1292 αὐτομόλου
941 1204 997 1271 καὶ
1024 1216 1093 1270 τῶν

66 1309 289 1398 αἰχμαλώτων
312 1314 437 1395 ήκουσε
459 1312 515 1379 καὶ
537 1311 768 1399 παρακαλέσας
791 1316 918 1399 άνόρας
940 1313 1093 1398 ἀγαθοὺς
1108 1333 1134 1373 10

63 1407 156 1486 δῖναι
178 1421 298 1505 καιρὸν
322 1418 496 1503 εἰληφέναι
518 1423 723 1504 νομίσαντας
746 1421 844 1506 εὐχῆς
867 1420 980 1503 ἄξιον,
1004 1420 1041 1485 ἐν
1066 1410 1092 1507 ᾦ

63 1516 163 1604 δίκας
190 1529 357 1611 λήψονται
385 1529 475 1612 παρὰ
501 1537 569 1592 τῶν
597 1527 730 1612 ἐχθρῶν
759 1528 877 1611 καλάς,
910 1529 931 1592 ά
958 1551 993 1592 τε
1023 1525 1093 1591 δέοι

59 1635 225 1711 πράττειν
258 1631 409 1710 ἑκάστοις
435 1632 646 1718 ὑποθέμενος
678 1632 734 1698 καὶ
762 1635 800 1698 τὸ
829 1635 987 1717 σύνθημα
1012 1635 1095 1708 δοὺς

62 1727 235 1806 ἀπέλυσεν
258 1737 312 1804 ἐπὶ
334 1741 393 1816 τάς
414 1738 531 1816 τάξεις.

10 1833 59 1889 '4¹
134 1845 306 1913 XXXXII.
344 1846 446 1911 Οὔπω
481 1843 578 1929 μέσαι
610 1847 727 1922 νύκτες
759 1839 861 1927 ήσαν,
891 1841 947 1908 καὶ
980 1843 997 1908 ὁ
1026 1853 1094 1908 τῶν
1109 1864 1135 1905 15

60 1945 231 2039 Σαβίνων
252 1952 387 2036 ἡγεμὼν
407 1952 594 2037 ἀναστήσας
613 1956 674 2017 τοῦ
696 1961 839 2032 στρατοῦ
858 1952 895 2016 τὸ
915 1950 1094 2036 κράτιστον

61 2055 168 2145 μέρος
190 2057 273 2144 ἦγεν
297 2057 351 2124 ἐπὶ
373 2060 433 2124 τὸν
451 2059 579 2144 χάρακα
598 2066 727 2124 σιωπᾶν
747 2059 849 2123 άπασι
869 2059 1095 2143 παραγγείλας

60 2163 124 2230 καὶ
146 2168 192 2254 μή
216 2176 327 2232 ποιεῖν
350 2167 465 2248 ψόφον
484 2175 552 2230 τῶν
572 2164 697 2247 ὅπλων,
722 2165 778 2230 ἵνα
797 2165 840 2248 μή
861 2175 976 2248 γνοῖεν
995 2165 1095 2248 ήκον-

61 2285 128 2350 τας
145 2274 270 2349 αὐτοὺς
289 2272 325 2338 οῖ
340 2269 504 2356 πολέμιοι,
527 2270 608 2356 πρὶν
628 2269 681 2336 ἐπὶ
698 2279 744 2359 τῷ
763 2271 901 2355 ἐρύματι
917 2269 1092 2354 γένωνται.

64 2370 114 2453 ὣς
134 2378 172 2446 δὲ
188 2381 334 2463 πλησίον
353 2378 508 2463 ἐγένοντο
527 2386 588 2443 τοῦ
607 2378 749 2463 χάρακος
764 2379 799 2443 οῖ
810 2388 936 2462 πρῶτοι
950 2380 1092 2463 πορευό-
1107 2398 1133 2438 νο

64 2499 165 2559 μενοι
191 2483 248 2552 καὶ
277 2486 354 2552 οὔτε
379 2484 485 2570 φέγγη
510 2488 712 2570 λαμπτήρων
737 2483 852 2570 ἑώρων
876 2486 953 2551 οὔτε
977 2486 1096 2571 φωνὰς

67 2596 231 2667 φυλάκων
264 2597 467 2679 κατήκουον,
504 2594 632 2677 πολλήν
665 2595 795 2679 μωρίαν
827 2602 894 2657 τῶν
923 2590 1096 2680 Ῥωμαίων

69 2703 293 2784 καταγνόντες
321 2701 366 2778 ὡς
396 2701 585 2784 ἀφεικότων
614 2699 757 2786 ἐρήμους
784 2701 843 2776 τὰς
866 2705 1018 2784 φυλακάς
1040 2703 1096 2771 καὶ

74 2798 167 2884 ἐντὸς
190 2811 278 2891 [τοῦ]
305 2808 449 2892 χάρακος
473 2809 723 2890 καθευδόντων,
747 2806 995 2892 ἐνεπίμπλασαν
1013 2811 1096 2896 ὕλης

152 3039 262 3107 Ῑσφῶν
282 3037 375 3091 αὐτῶν
394 3038 423 3090 et
441 3035 467 3090 A
485 3037 554 3090 etB
610 3037 821 3092 ἳτεαταίνεται
839 3036 916 3091 ABb
950 3040 1096 3094 mamal-

79 3113 161 3157 νεται
175 3106 220 3161 Ba
288 3105 477 3177 3ἐφησανΒ
541 3108 736 3180 4τιρεσβόιην
755 3107 777 3162 Ο
797 3125 866 3163 corr.
886 3108 988 3164 Portus
1025 3109 1095 3180 μάρ-

81 3176 174 3230 ῖονλ
212 3177 376 3248 μάρκιονΒ
417 3176 534 3248 λάρκιον
558 3178 633 3248 Cmg
657 3182 687 3234 et
708 3180 809 3235 Portus
902 3182 1094 3251 θλοκριζήτίω

82 3233 133 3294 Ba
165 3251 297 3321 λοκρητίω
318 3250 365 3303 Bb
453 3255 486 3303 16
511 3250 671 3318 ἀναστήσας
693 3252 758 3314 τοὺς
782 3251 951 3320 στρατιώτας
974 3245 1041 3318 ἦγεν
1066 3247 1095 3315 ἐξ

83 3310 173 3370 αὐτῶν
190 3322 220 3376 τὸ
238 3319 387 3392 κράτιστον
406 3318 490 3392 μέρος
504 3321 584 3376 ΑΟΙ)
641 3329 673 3377 18
693 3323 749 3376 ἀπὸ
768 3330 823 3376 τῶν
842 3321 934 3376 ὅπλων
954 3337 976 3376 ο.
991 3319 1096 3374 Reiske

83 3381 119 3430 ¹9
139 3390 198 3458 πρὶν
216 3391 252 3447 ἂν
272 3411 294 3448 ο.
314 3392 463 3446 Βουωεοη
482 3393 596 3447 Observ.
617 3411 704 3462 gram.
726 3393 760 3447 de
779 3392 927 3446 modorum
946 3408 998 3444 usu
1016 3408 1044 3459 p.
1060 3397 1095 3447 4⁷

82 3449 209 3525 2*ἐόντος
226 3464 249 3516 Β
288 3459 366 3528 ἐκτός
384 3464 410 3517 R
425 3468 429 3535 1
445 3472 495 3518 τοῦ
514 3463 568 3520 del.
588 3463 733 3533 Kiessling
748 3464 752 3536 1
770 3459 1005 3518 ἐνεπίπλασαν.Α
