2414 3840
518 96 678 149 -ς-

84 258 306 343 ἀνθρωπείου
338 258 488 341 σώματος
520 256 586 322 αίελ
613 259 650 322 τὸ
678 258 807 342 κάμνον
834 257 1012 343 ἀποτεμεῖν
1040 261 1102 345 χρή

86 362 202 448 μέρος·
235 363 354 447 αίσχρά
376 385 411 427 τε
434 364 498 449 γάρ
521 361 541 445 ή
566 364 642 442 όψις
665 363 707 428 άν
726 367 853 447 γίνοιτο
874 373 934 429 τοῦ
953 364 1105 450 λειπομέ-

86 494 151 535 νου
171 465 227 534 καὶ
245 468 265 551 ἡ
286 469 387 552 φύσις
406 468 467 533 οὐκ
486 467 539 534 ἐπὶ
553 473 639 535 πολὺ
659 471 809 556 διαρκής·
838 472 913 537 ούτε
932 477 1103 555 πολιτικῆς

85 577 267 651 κοινωνίας
293 576 354 658 τήν
384 584 553 641 νοσοῦσαν
581 574 770 654 ἐξελαύνειν
796 586 932 663 μοῖραν·
970 577 1010 642 οὐ
1038 580 1102 662 γάρ

86 681 130 746 ἀν
160 681 290 765 φθάνοι
321 682 376 746 διά
405 692 472 746 τῶν
501 683 596 746 ίδίων
624 694 734 766 μερῶν
760 684 797 747 τὸ
826 684 960 768 σύμπαν
983 683 1130 751 ἀπολόε

86 811 191 873 μενον
215 790 279 852 σὺν
301 789 425 874 χρόνῳ·
457 795 515 870 τῆς
537 784 567 852 τ’
585 787 731 872 ἀνάγκης
750 789 999 874 ἐνθυμηθέντες
1018 791 1100 855 ὅσον

84 896 124 959 τὸ
152 893 287 979 κράτος,
314 884 335 977 ᾗ
358 891 413 957 καὶ
436 890 513 958 θεοί
536 898 662 959 είκουσι
685 897 788 979 μόνη,
820 896 864 979 μή
889 898 1101 980 χαλεπαίνετε

84 999 170 1086 πρὸς
199 1001 256 1077 τάς
287 1000 402 1085 τύχας,
435 994 512 1083 μηδ’
539 999 583 1076 ὡς
611 999 767 1066 ἀπάντων
793 1001 874 1085 ήμῖν
901 999 971 1065 κατ’
999 1000 1100 1086 εὐχήν

85 1104 255 1189 ἐσομένων
283 1104 466 1181 αὐθαδείας
494 1103 725 1188 ἐμπίμπλασθε
752 1105 808 1171 καλ
836 1106 996 1191 ἀμαθίας,
1024 1105 1098 1172 ἀλλ’

84 1211 306 1294 ἐπικλάσθητε
333 1207 389 1274 καὶ
416 1207 520 1287 είξατε
546 1212 790 1297 παραδείγμασι
817 1214 1020 1298 χρησάμενοι
1043 1222 1101 1297 τῆς
1115 1237 1141 1276 ιο

84 1317 262 1401 εὐβουλίας
280 1316 325 1407 μή
343 1327 413 1393 τοῖς
432 1315 589 1400 ὀθνείοις,
609 1317 692 1384 ἀλλά
711 1329 781 1397 τοῖς
798 1316 969 1403 ἡμετέροις
988 1319 1101 1384 αὐτῶν

84 1426 204 1509 ἔργοις.

151 1546 218 1614 LV.
245 1545 313 1611 Καὶ
339 1549 403 1633 γάρ
431 1547 539 1632 ἀνδρα
562 1547 621 1613 ἕνα
644 1548 699 1614 καὶ
721 1551 820 1615 πόλιν
845 1551 928 1632 ὅλην
952 1549 1004 1616 ἐπὶ
1027 1563 1100 1628 ταῖς

83 1656 274 1730 καλλίσταις
295 1665 363 1719 τῶν
388 1656 483 1719 ίδίων
506 1653 657 1738 πράξεων
675 1659 926 1740 φιλοτιμεῖσθαι
945 1658 1019 1741 χρή,
1042 1654 1098 1721 καὶ

83 1764 142 1838 τάς
158 1762 275 1837 λοιπάς
289 1761 377 1837 ὅπως
393 1760 657 1844 ὁμολογούμεναι
667 1761 801 1838 ταύταις
812 1765 945 1828 ἔσονται
954 1771 1100 1828 σκοπεῖν.
1114 1781 1140 1824 1⁶

34 1867 178 1951 ιοῖὺμεῖς
204 1870 321 1931 τοίνυν
347 1867 411 1950 ήδη
435 1868 579 1943 πολλοὺς
600 1868 795 1952 πολεμίους,
823 1863 883 1951 ὑφ’
909 1862 957 1933 ὧν
980 1868 1020 1931 τά
1043 1864 1100 1952 μέ-

82 1991 180 2057 γιστα
206 1973 403 2055 ἠδικήθητε,
431 1972 644 2058 ὑποχειρίους
670 1974 842 2055 λαβόντες,
871 1969 944 2038 οὔτ’
967 1972 1099 2038 ἀνελεῖν

82 2074 155 2145 οὔτ’
172 2078 323 2161 ἐκβαλεῖν
343 2077 378 2143 ἐκ
391 2088 459 2142 τῶν
474 2078 571 2142 ίδίων
585 2077 800 2162 ἐβουλήθητε,
816 2076 969 2143 ἀλλὰκαὶ
983 2083 1098 2156 οίκους

81 2182 138 2250 καὶ
165 2187 308 2269 κλήρους
336 2182 449 2259 αὐτοῖς
472 2180 625 2266 ἀπέδοτε,
653 2181 708 2248 καὶ
730 2185 892 2270 πατρίδας
915 2185 1034 2267 οίκεῑν,
1064 2183 1097 2264 ἐξ

83 2287 132 2357 ὧν
156 2293 300 2374 ἔφυσαν,
333 2288 477 2372 είάσατε,
506 2290 686 2373 ἰσοψήφοις
708 2287 738 2354 τ’
762 2284 848 2355 εἶναι
870 2288 927 2355 κοιλ
948 2292 1099 2368 πολίταις
1112 2311 1139 2351 εο

82 2393 254 2480 ὑμετέροις
276 2395 341 2478 ήδη
364 2392 452 2460 τισίν
475 2394 508 2474 ἐξ
532 2395 643 2461 αὐτῶν
667 2396 875 2482 ἐχαρίσασθε.
913 2397 1035 2463 τούτου
1061 2393 1132 2465 δ’2

82 2505 130 2566 ἔτι
158 2501 437 2586 θαυμασιώτερον
464 2503 564 2586 ἔργον
591 2502 687 2585 ὑμῶν
714 2504 777 2588 ἔχω
806 2502 930 2587 λέγειν,
963 2503 1014 2568 ὅτι
1041 2501 1097 2569 καί

81 2619 150 2673 τῶν
173 2605 342 2690 ὑμετέρων
364 2610 511 2671 πολιτῶν
533 2610 678 2685 πολλοὺς
701 2608 825 2693 μεγάλα
849 2611 897 2687 εἰς
919 2608 1005 2693 ὑμᾶς
1025 2608 1097 2688 ἐξα-

81 2715 268 2799 μαρτόντας
290 2711 437 2797 ἀφήκατε
458 2723 526 2777 τῶν
548 2725 731 2799 τιμωριῶν,
755 2715 802 2792 είς
825 2713 948 2792 αὐτοὺς
970 2719 1097 2800 μόνους

81 2819 334 2902 ἀποσκήψαντες
355 2820 434 2894 τοὺς
457 2819 584 2896 αίτίους
606 2821 668 2904 τήν
691 2820 805 2905 ὀργήν,
831 2814 878 2886 ὧν
902 2816 989 2904 ἦσαν
1008 2824 1044 2888 οἵ
1058 2845 1094 2888 τε
1108 2840 1135 2882 2⁵

153 3067 169 3116 λ
189 3063 242 3132 γάρ
262 3079 315 3118 om.
334 3063 357 3117 B
374 3064 378 3132 Ι
395 3061 503 3134 γε’νοιτο
517 3064 595 3117 ABa
652 3069 668 3119 ό
687 3062 821 3133 φθάνοι
839 3065 862 3119 Β
879 3068 883 3135 Ι
900 3063 1094 3136 ἀπολουμένου

79 3134 128 3188 Bb
202 3133 331 3207 6σ<θν>
349 3133 396 3187 Bb
475 3135 577 3205 δόμῖν
596 3133 728 3189 Gelenius
747 3137 776 3189 et
793 3135 894 3191 Portus
976 3143 1008 3190 21
1030 3131 1095 3204 ἐχα-

80 3206 202 3277 ρίσασθε
220 3203 273 3258 ΑΒ
290 3207 293 3274 Ι
311 3203 342 3260 δὲ
361 3203 436 3259 τὸΑ
473 3203 506 3260 δέ
524 3205 591 3260 τιΒ
628 3202 657 3260 δ’
675 3204 714 3260 ἔτι
734 3205 855 3297 ὃγλόιιες
923 3211 957 3259 23
976 3207 1094 3285 πολλοὺς

79 3276 130 3330 καί
144 3294 177 3345 με
196 3273 287 3328 ἀλαΒ
320 3276 437 3338 πολλοὺς
474 3277 519 3330 ,Β
545 3277 766 3340 πολλοδςπολλα
779 3276 828 3331 κοιλ
842 3274 947 3347 μεγάλα
962 3292 984 3330 ο.
997 3275 1092 3329 Kloss-

78 3346 142 3416 ling
158 3349 162 3415 Ι
179 3295 423 3417 ἐξαμαρτάνοντας
502 3343 709 3424 ἐξαμαρτόντας
726 3346 870 3416 Kiessling
