2414 3840
521 187 683 236 -A-
1049 184 1112 248 119

70 343 259 433 ἐλευθέρᾳ
281 368 317 412 τε
340 348 437 412 πόλει
459 347 522 430 τὴν
545 347 721 430 ἰσονομίαν
744 344 987 430 ἀποφαίνοντες
1006 346 1112 431 ύσφα-

61 453 258 537 λεστνίτην
281 447 390 518 οὖσαν
411 449 467 518 καὶ
489 451 766 538 πρεπωδεστάτην
788 462 856 517 τῶν
879 456 1064 518 πολιτειῶν.

161 558 316 624 LXXIII.
349 562 502 641 Χαλεπῖχς
530 555 567 622 δὲ
594 555 650 622 καὶ
674 558 854 643 δυσκρίτου
877 568 935 643 τῆς
958 557 1114 642 αίρέσεως

59 662 200 730 ἅπασι
233 663 440 748 φαινομένης
472 664 528 728 διδ
559 664 617 740 τὰς
643 666 965 748 παρακολουθούσας
995 663 1113 750 ἑκάστῃ

61 780 164 837 τῶν
182 775 362 836 πολιτειῶν
380 773 495 847 κακίας
511 774 699 847 τελευταῖος
716 772 918 854 παραλαβὼν
936 773 995 837 τὸν
1012 774 1137 854 λόγονε

66 874 116 939 ὁ
130 881 284 963 Βροῦτος
307 871 411 942 εἶπεν·
445 870 528 960 'Mo
548 871 592 959 δ’,
617 872 643 941 ὦ
659 880 842 962 Λουκρήτιε
861 874 915 942 καὶ
930 881 1114 944 Κολλατῖνε

65 980 156 1047 καὶ
174 983 297 1059 πάντες
314 981 410 1067 ὑμεῖς
423 983 459 1048 οί
470 984 632 1068 παρόντες
646 983 767 1068 ἄνδρες
780 980 904 1065 ἀγαθοὶ
919 981 974 1048 καὶ
989 982 1022 1062 ἐξ
1037 984 1115 1067 ἄγα-

65 1093 187 1172 ·θῶν,
209 1090 332 1173 καινὴν
353 1085 415 1173 μὲν
437 1088 598 1173 οὐδεμίαν
622 1094 735 1173 οίομαι
758 1090 831 1155 δεῖν
852 1088 937 1174 ἡμᾶς
958 1095 1116 1154 καθίστα-

19 1200 184 1259 ὖσθαι
211 1197 382 1260 πολιτείαν
404 1195 546 1274 κατὰτὸ
570 1197 695 1280 παρόν·
732 1196 749 1260 ό
772 1218 808 1260 τε
830 1197 894 1280 γὰρ
915 1192 1045 1281 Ιιιαιρός,
1069 1197 1117 1273 είς

71 1297 141 1365 ὃν
173 1303 372 1384 συνήγμεθα
403 1301 468 1366 ὑπὸ
502 1310 570 1365 τῶν
602 1301 819 1386 πραγμάτων,
852 1304 991 1388 βραχύς,
1025 1301 1061 1367 έν
1089 1293 1152 1388 ᾧιο

75 1409 383 1490 μεθαρμόσασθαι
404 1408 531 1483 πόλεως
553 1408 682 1490 κόσμον
704 1407 746 1472 ού
768 1404 899 1494 ῥᾴδιον,
922 1409 944 1491 ἥ
967 1432 1001 1473 τε
1020 1420 1117 1494 πεῖρα

73 1522 159 1596 τῆς
186 1515 385 1597 μεταβολῆς,
411 1511 475 1578 κᾶν
497 1513 538 1577 τὰ
565 1513 722 1598 κράτιστα
744 1515 895 1598 τύχωμεν
917 1513 992 1599 περὶ
1016 1515 1118 1597 αὐτῆς

85 1619 380 1703 βουλευσόμενοι,
413 1619 564 1704 σφαλερὰ
591 1616 646 1683 καὶ
675 1618 738 1684 οὐκ
764 1618 958 1703 ἀκίνδυνος,
991 1618 1117 1698 έξέσται

89 1721 138 1788 θ’
164 1723 246 1809 ἡμῖν
272 1725 428 1810 ὕστερον,
459 1724 540 1790 ὅταν
567 1724 807 1809 ἀπαλλαγῶμεν
834 1735 892 1809 τῆς
918 1727 1118 1811 τυραννίδος

96 1831 183 1913 μετὰ
205 1834 359 1907 πλείονος
378 1828 529 1908 ἐξουσίας
546 1828 602 1896 καὶ
620 1832 703 1895 κατὰ
721 1832 845 1915 σχολὴν
860 1829 1117 1914 βουλευομένοις
1127 1851 1152 1891 15

102 1937 165 2020 τὴν
186 1938 360 2021 κρείττονα
382 1937 552 2002 πολιτείαν
575 1934 649 2001 ἀντὶ
671 1944 730 2020 τῆς
748 1940 900 2023 χείρονος
920 1936 1065 2021 ἑλέσθαι,
1089 1938 1120 2004 εί

106 2043 146 2126 δή
168 2066 220 2119 τις
242 2043 306 2127 ἄρα
329 2045 399 2108 ἔστι
420 2044 590 2129 κρείττων,
613 2038 653 2125 ἧς
670 2039 835 2126 Ῥωμύλος
856 2066 891 2108 τε
914 2041 969 2108 καὶ
988 2047 1118 2127 Πομπί-

107 2153 176 2226 λιος
202 2143 267 2214 καῖ’
286 2149 406 2225 πάντες
429 2149 464 2214 οί
484 2144 554 2234 μετ’
577 2148 725 2224 ἐκείνους
748 2152 895 2232 βασιλεῖς
917 2150 1119 2231 καταστησό-

106 2277 199 2338 μενοι
222 2252 413 2340 παρέδοσαν
435 2254 525 2339 ἡμῖν,
550 2253 583 2333 έξ
603 2249 642 2337 ἧς
661 2254 784 2338 μεγάλη
803 2252 859 2319 καὶ
877 2255 1047 2338 εὐδαίμων
1064 2251 1119 2318 καὶ

105 2366 240 2426 πολλῶν
262 2361 410 2446 ἄρχουσα
433 2359 626 2447 ἀνθρώπων
648 2359 669 2443 ἡ
692 2361 788 2436 πόλις
810 2359 905 2443 ἡμῶν
925 2359 1154 2426 διετέλεσενεο

105 2466 125 2531 δ
147 2465 185 2533 δὲ
208 2471 479 2552 παρακολουθεῖν
501 2473 603 2531 εῖωθε
623 2476 695 2542 ταῖς
713 2469 908 2553 μοναρχίαις
926 2468 1061 2552 χαλεποί,
1085 2468 1154 2548 έξ2

104 2568 151 2640 ὧν
183 2575 232 2651 είς
262 2573 466 2658 τυραννικὴν
499 2572 650 2657 ὠμότητα
681 2576 908 2660 περιίστανται
939 2572 994 2639 καὶ
1027 2569 1072 2640 δι’
1098 2575 1119 2641 δ

105 2680 386 2766 δυσχεραίνουσιν
409 2679 552 2754 όίπαντες
570 2679 681 2763 αὐτός,
704 2678 803 2746 ταῦθ’
825 2680 905 2764 ὑμῖν
924 2679 1119 2768 ἐπανορθώ-

103 2787 236 2850 σασθαί
259 2807 294 2850 τε
320 2783 377 2850 καὶ
403 2793 468 2850 νῦν
495 2782 550 2849 καὶ
578 2785 634 2850 ἵνα
662 2782 740 2870 μηδ’
762 2785 795 2865 ἐξ
819 2784 961 2872 ὑστέρου
983 2786 1123 2871 γένηταί

102 2912 182 2956 ποτε
206 2888 421 2975 φυλάξασθαι
444 2902 605 2975 παραινῶ.
642 2892 718 2956 τίνα
741 2887 773 2956 δ’
795 2889 863 2958 έστὶ
886 2901 1003 2971 ταύτας
1031 2905 1119 2979 πρῶ-

101 3020 163 3063 τον
185 2993 250 3082 μὲν
271 2994 385 3079 ἐπειδὴ
407 2997 448 3062 τὰ
470 2995 617 3081 ὀνόματα
639 3007 707 3062 τῶν
728 2997 931 3082 πραγμύτων
950 2998 986 3062 οί
1001 2997 1119 3064 πολλοὶ

1134 2864 1154 2926 3

1129 2949 1155 2989 25

175 3153 292 3223 ’ῖδμεῖς
309 3152 415 3209 εδδΒ
490 3158 521 3207 11
540 3151 559 3277 χ’
577 3151 652 3206 ABb
690 3154 721 3207 εί
733 3152 779 3206 Ba
849 3157 882 3207 13
902 3152 1121 3225 βουλευσόμενοι

100 3224 169 3296 περί
187 3224 276 3292 αὐτῆς
293 3223 419 3294 τύχωμεν
437 3223 460 3277 Β
481 3225 485 3292 Ι
509 3219 537 3290 ἐξ
555 3241 618 3278 σται
635 3225 702 3294 ὑμῖν
720 3223 746 3275 Α
836 3229 868 3276 15
888 3223 958 3293 μετὰ
976 3222 1077 3290 σχολὴν
1095 3221 1120 3272 Α

103 3303 138 3352 18
157 3291 271 3352 ἐκείνου
289 3294 313 3348 Β
377 3301 410 3350 23
430 3296 712 3386 διαδυσχεραίνουσιν
732 3293 785 3346 ΑΒ
801 3297 805 3363 Ι
821 3293 888 3364 ἡμῖν
907 3294 929 3346 Β
966 3293 1015 3370 τᾲς
1033 3288 1120 3350 αὐτὰς

100 3367 150 3421 Aa
186 3365 258 3436 πρὸς
277 3365 365 3430 αύτδις
382 3364 431 3419 Ab
469 3365 597 3429 αύταςΒ
669 3371 705 3420 λ4
723 3384 752 3418 τε
773 3364 808 3418 τὰ
826 3373 879 3419 νῦν
903 3379 926 3416 ο.
945 3359 1046 3414 Re1ske
1071 3357 1120 3410 καί

101 3440 169 3493 ante
189 3445 243 3492 νῦν
262 3435 317 3492 del.
337 3435 460 3506 Sylburg
