2414 3840
520 83 684 132 ..Ε-

108 251 214 310 κτοῦ
236 244 380 328 δρυμοῦ,
403 240 480 327 παρ’
504 242 545 308 δν
568 242 923 328 ἐστρατοπεδεύσαντο,
947 245 1045 327 φωνή
1063 265 1113 319 τις

101 350 247 434 μιούσθη
276 359 350 427 ταις
377 349 561 434 δυνάμεσιν
590 345 791 435 ἀμφοτέραις
819 358 993 433 γεγονυῖα,
1023 342 1109 414 ὥσθ’

94 457 241 534 ἅπαντας
265 455 388 533 αύτούς
410 455 547 521 ἀκούειν
569 460 634 521 είτε
657 463 718 520 τοῦ
740 454 936 539 κατέχοντος
959 456 996 519 τὸ
1020 453 1110 538 τέμε-

89 585 151 641 νος
177 563 290 649 ἥρωος
317 569 381 629 εἴτε
403 571 464 629 τοῦ
486 560 697 647 καλουμένου
722 563 869 628 Φαύνου.
915 563 1022 651 τούτῳ
1045 562 1146 646 γάρ3

91 667 292 736 ἀνατιθέασι
322 676 368 757 τῷ
402 670 537 754 δαίμονι
560 665 713 752 Ῥωμαῖοι
745 671 785 733 τὰ
816 670 938 733 πανικὰ
964 667 1020 734 καί
1048 669 1137 734 ὅσαι

74 776 251 862 ιφάσματα
274 776 407 861 μορφάς
429 776 546 840 ἀλλοτε
570 773 704 851 ἀλλοίας
727 781 864 859 ίσχοντα
887 777 934 851 είς
954 775 1034 853 όψιυ
1053 774 1111 840 άν-

90 881 245 969 θράιπαν
269 883 397 967 ἔρχεται
420 882 557 966 δείματα
580 878 738 964 φέροντα,
762 879 782 964 ἢ
808 878 918 965 φωναί
942 882 1110 964 δαιμόνιοι

91 989 294 1075 ταράττουσι
322 987 381 1064 τάς
409 986 510 1064 ἀκοάς
538 987 661 1051 τούτου
689 985 794 1072 φασίν
823 981 910 1052 είναι
936 995 998 1051 τοῦ
1024 991 1111 1050 θεοῦ

90 1095 129 1160 τὸ
157 1096 269 1179 ἔργον.
314 1092 335 1175 ἡ
364 1089 401 1157 δὲ
428 1100 489 1157 τοῦ
518 1093 695 1177 δαιμονίου
723 1094 819 1177 φανὴ
843 1099 987 1179 θαρρεῖν
1010 1113 1110 1179 παρε-

90 1201 244 1266 κελεύετο
272 1210 343 1276 τοῖς
365 1193 539 1283 Ῥωμαίοις
565 1198 609 1274 ὡς
636 1202 863 1283 νενικηκόσιν,
896 1197 947 1265 ἑνὶ
975 1202 1110 1278 πλείους
1125 1224 1150 1263 10

91 1300 179 1372 εἶιναι
200 1308 282 1383 τοὺς
299 1315 368 1370 τῶν
385 1307 554 1389 πολεμίων
572 1304 808 1389 ἀποφαίνουσα
827 1307 976 1392 νεκρούς.
1005 1309 1108 1394 ταύτη

90 1411 229 1496 λέγουσι
251 1419 292 1496 τῇ
314 1419 413 1496 φωνῇ
434 1412 494 1476 τδν
512 1411 699 1497 Οὐαλέριον
717 1411 906 1499 ἐπαρθέντα
923 1415 1044 1491 νυκτὸς
1062 1417 1109 1479 ἔτι

90 1522 217 1603 πολλῆς
245 1516 298 1583 ἐπὶ
330 1519 390 1583 τὸν
415 1516 543 1603 χάρακα
570 1527 637 1583 τῶν
664 1521 849 1603 Τυρρηνῶν
878 1521 1031 1586 όόσασθαι
1054 1518 1110 1586 καί

90 1627 238 1702 πολλοὺς
261 1620 322 1710 μὲν
345 1623 584 1690 ἀποκτείναντα
607 1623 640 1704 ἐξ
664 1623 786 1708 αὐτῶν,
809 1627 888 1701 τοὺς
912 1623 949 1691 δδ
972 1628 1109 1702 λοιποὺς

90 1732 276 1816 ἐκβαλόντα
298 1740 459 1818 κρατῆσαι
480 1739 542 1796 τοῦ
565 1729 800 1818 στρατοπέδου.
1123 1753 1149 1794 ιι

157 1837 264 1904 XVII.
301 1841 441 1903 Τοιοῦτο
470 1834 531 1922 μὲν
557 1836 579 1920 η
607 1837 693 1923 μάχη
720 1837 815 1916 τέλος
842 1840 973 1923 ἔλαβεν·
1010 1846 1050 1924 τῇ
1074 1837 1105 1904 δ’

90 1942 165 2029 ἑξῆς
191 1943 299 2031 ἡμέρᾳ
325 1944 566 2021 σκυλεύσαντες
594 1945 629 2009 οί
642 1939 798 2028 Ῥωμαῖοι
821 1948 900 2023 τοὺς
922 1955 989 2010 τῶν
1011 1949 1108 2012 πολε-

37 2054 178 2136 884μίῶν
201 2053 341 2137 νεκρούς
362 2048 419 2116 καί
440 2052 520 2127 τοὺς
543 2047 672 2116 ἑαυτῶν
689 2050 860 2129 θάψαντες
879 2048 1035 2138 ἀπῄεσαν.
1069 2054 1106 2117 τὸ

89 2154 129 2224 δὲ
150 2158 307 2243 Βρούτον
334 2167 428 2242 σῶμα
456 2156 617 2242 ἀράμενοι
644 2159 724 2242 μετὰ
746 2161 880 2223 πολλῶν
904 2158 1049 2224 ἐπαίνων
1072 2180 1107 2222 τε

87 2261 146 2331 καί
173 2263 331 2350 δακρύων
359 2265 407 2341 είς
432 2265 495 2348 τὴν
512 2258 641 2349 Ῥώμην
664 2263 860 2349 ἀπεκόμιζον
884 2265 919 2330 οί
938 2265 1107 2351 κράτιστοι
1121 2288 1148 2328 ιο

88 2382 157 2437 τῶν
172 2368 301 2436 ἱππέοιν
315 2370 493 2456 στεφάνοις
505 2369 754 2456 κεκοσμημένον
768 2370 955 2457 ἀριστείοις.
978 2372 1106 2456 ὑπήντα
1121 2379 1142 2444 2

89 2470 123 2542 δ’
143 2477 260 2554 αὐτοῖς
282 2477 303 2560 ἢ
326 2500 361 2542 τε
383 2478 489 2560 βουλὴ
507 2478 680 2563 θριάμβου
697 2487 871 2563 καταγωγῇ
890 2479 1106 2565 ψηφισαμένη

87 2591 256 2669 κοσμῆσαι
287 2583 348 2648 τὸν
377 2582 539 2668 ἡγεμόνα,
570 2581 626 2649 καὶ
658 2584 676 2649 ό
706 2586 809 2669 δῆμος
836 2586 920 2663 άπας
947 2596 1107 2675 κρατῆρσι

88 2688 145 2757 καὶ
171 2685 346 2778 τραπέζαις
368 2689 614 2774 ὑποδεχόμενος
635 2692 697 2775 τὴν
720 2694 885 2777 στρατιάν.
932 2693 976 2770 ὡς
1000 2688 1033 2758 δ’
1060 2697 1107 2772 είς

160 2916 373 2988 θγεγονυῶιΟ
400 2926 604 2988 γεγωνούοαο.
618 2917 722 2973 Beiske
750 2919 832 2989 φωνή
845 2941 888 2984 τις
901 2920 1051 2992 γέγονεναι
1031 2921 1103 2977 καθ’

88 2988 221 3052 ἅπαντας
241 2988 344 3051 αύτούς
362 2988 520 3044 ἀκούεινο.
540 2988 671 3044 Schnelle
690 2990 786 3044 Exere.
807 2990 868 3048 crit.
887 3011 914 3062 p.
932 2999 964 3048 17
1019 2994 1107 3047 3αό-

87 3061 153 3124 τοίας
170 3056 226 3113 AB
259 3060 347 3129 αδτής
364 3059 391 3113 R
444 3059 615 3131 όφάοματα
628 3061 739 3131 μορφὰς
753 3061 849 3117 ἀλλοτε
864 3063 977 3127 ἀλλοίας
991 3066 1106 3132 ίοχοντα

88 3128 129 3195 είς
144 3128 195 3185 Βιι
231 3129 347 3202 φματάο
348 3150 367 3183 α
386 3128 404 3184 δι
469 3131 496 3185 ἀ.
517 3132 544 3186 ά
565 3129 582 3187 ί.
603 3130 643 3195 είς
659 3131 706 3186 Bb
768 3131 879 3203 άοματα
898 3133 977 3190 ἃὸτε
992 3133 1105 3194 ἀλλοίας

87 3204 205 3273 ἴσχοντα
222 3200 336 3328 ρρρφδις
292 3150 395 3265 μανείς
412 3150 457 3270 ΙδιΙ
473 3202 599 3266 ἀλλαςο
619 3202 707 3258 Cobet
726 3153 791 3260 Οἷα
806 3221 833 3272 p.
850 3211 883 3259 98
940 3202 1005 3273 ’λέρ
1006 3221 1105 3272 χονται

88 3273 203 3331 00011'.
250 3271 368 3342 ensling
431 3273 633 3343 8ταράττουοι
651 3274 728 3329 ABa
763 3273 902 3344 ταράττον
886 3294 951 3330 υιοα
969 3225 1015 3327 Bb
1072 3277 1104 3324 19

86 3345 119 3400 τδ
136 3342 171 3401 δέ
189 3363 249 3401 τον.
268 3343 470 3416 ΒρούτουΒ

892 3430 945 3484 11*
