2414 3840
101 171 146 237 58
530 176 696 226 -Δ-

102 333 157 399 καλ
184 339 343 421 προσήκει
372 360 428 420 μοι
455 336 606 422 καθάπερ
634 333 690 402 καὶ
717 346 787 415 τοῖς
814 338 927 416 ἀλλοις
953 348 1025 416 τοῖς
1049 340 1123 405 δια-

104 441 294 526 δεχομένοις
312 444 352 507 τά
370 452 525 532 παππῷα,
549 444 593 527 μὴ
613 446 719 528 μόνον
737 456 805 510 τῶν
822 444 1012 530 χρημάτων,
1036 445 1123 513 ἀλλά

67 548 158 617 2καὶ
185 559 243 633 τῆς
269 553 439 634 βασιλείας
466 551 570 616 αὐτοῦ
593 555 822 636 κληρονομεῖν.
868 553 911 618 σὺ
934 548 972 617 δὲ
995 553 1036 619 τά
1059 551 1123 638 μέν

100 658 251 740 χρηματα
286 657 327 720 τά
358 655 623 742 καταλειφθέντα
654 652 710 722 ὑπ’
746 657 851 723 αὐτοῦ
882 657 1124 744 παραδέδωκάς

74 781 169 845 σμοι,
192 764 254 847 τὴν
278 760 315 829 δὲ
338 767 511 848 βασιλείαν
530 764 721 850 ἀποστερεῖς
740 788 779 850 με
797 762 853 830 καὶ
871 774 1035 833 τοσοῦτον
1055 768 1122 852 ἤδη

101 868 246 954 κατέχεις
268 874 403 956 χρόνον,
427 872 489 938 οὐκ
512 872 548 939 ἐκ
565 881 627 938 τοῦ
646 873 778 938 δικαίου
797 873 926 956 λαβών·
959 873 1036 939 οὔτε
1055 875 1123 960 μὰρ

100 979 332 1060 μεσοβασιλεῖς
364 996 402 1045 σε
434 977 625 1063 ἀπέδειξαν,
658 980 734 1045 οὔτε
766 978 830 1062 <ἡ>
863 982 969 1064 βουλὴ
1002 990 1123 1066 φῖηφον

99 1079 184 1169 ὑπὲρ
218 1093 281 1150 σοῦ
309 1085 499 1170 διήνεγκεν,
531 1087 607 1153 οὔτε
636 1086 859 1172 ἀρχαιρεσίαις
883 1090 1039 1172 νομίμοις
1062 1098 1124 1172 τῆς

101 1187 253 1269 ἐξουσίας
284 1193 405 1277 ταύτης
434 1196 561 1278 ἔτυχες,
593 1193 639 1270 ὡς
667 1193 684 1260 δ
712 1194 843 1268 πάππος
869 1216 904 1258 τε
932 1192 1037 1278 οὑμὸς
1065 1193 1159 1261 xum

62 1316 89 1355 10
102 1297 223 1374 πάντες
256 1299 291 1364 οί
319 1301 385 1383 πρὸ
418 1300 521 1365 αὐτοῦ
553 1302 729 1385 γενόμενοι
761 1303 920 1384 βασιλεῖς·
967 1299 1053 1366 ἀλλά
1083 1303 1123 1368 τὸ

101 1402 256 1471 ἀνέστιον
284 1404 337 1471 καὶ
367 1407 494 1492 δίπορον
522 1405 578 1472 καὶ
604 1409 687 1493 πρὸς
709 1405 929 1490 καταδίκαςῆ
953 1404 1034 1492 χρέα
1058 1409 1124 1492 τὴν

101 1509 267 1598 έπιτιμίαν
295 1512 504 1590 ἀπολωλεκὸς
532 1519 657 1599 φῦλον,
685 1505 712 1603 ᾧ
740 1525 807 1579 τῶν
830 1523 954 1578 κοινῶν
978 1513 1124 1593 οὐδενὸς

100 1619 205 1704 ἔμελε,
224 1622 556 1706 καταμισθοδοτήσας
573 1619 629 1686 καὶ
644 1620 751 1686 πάντα
764 1622 890 1705 τρόπον
905 1622 1123 1707 διαφθείρας,

100 1723 156 1791 καὶ
185 1726 263 1794 οὐδὲ
286 1732 360 1795 τότε
383 1726 496 1813 μέντοι
520 1735 630 1817 σαυτῷ
653 1727 809 1813 προίττειν
831 1727 893 1810 τὴν
916 1727 1124 1795 δυναστείαν

60 1849 87 1890 1⁵
101 1832 218 1918 λέγων,
242 1831 314 1902 ἀλλ’
336 1836 417 1920 ἡμῖν
436 1834 597 1920 φυλάξειν
615 1836 841 1918 σκηπτόμενος
859 1832 1022 1918 ὀρφανοῖς
1042 1829 1125 1901 οὖσι

100 1939 155 2006 καὶ
182 1944 329 2026 νηπίοις,
358 1939 410 2007 ἐπὶ
440 1942 480 2006 τὰ
507 1935 681 2026 πράγματα
708 1944 878 2025 παρῆλθες
904 1938 959 2004 καλ
982 1941 1123 2008 πάντων

101 2047 295 2115 ἀκουόντων
324 2048 521 2134 ὡμολόγεις,
550 2047 630 2112 ὅταν
654 2032 884 2132 ἀνδρωθῶμεν
907 2046 1015 2130 ἡμεῖς,
1045 2046 1123 2132 ἐμοὶ

64 2156 311 2243 3παραδώσειν
340 2156 413 2221 όντι
440 2151 652 2240 πρεσβυτέρῳ
681 2154 743 2237 τὴν
771 2152 885 2238 ἀρχην.
931 2151 1032 2239 έχρῖην
1056 2152 1122 2238 μὲν

102 2259 165 2329 οὖν
190 2283 238 2349 σε,
262 2265 294 2329 ἐί
314 2265 354 2329 τά
378 2246 490 2328 δίκαια
508 2271 618 2327 ποιεῖν
636 2261 772 2343 ἤθελες,
796 2260 850 2324 ὅτε
869 2283 925 2343 μοι
942 2261 1003 2325 τὸν
1021 2255 1121 2328 οἷκον

60 2389 87 2428 2⁰
100 2381 162 2437 τοῦ
193 2373 329 2436 πάππου
361 2370 578 2455 παρεδίδους,
611 2368 677 2451 ἀμα
704 2376 773 2442 τοῖς
800 2367 944 2451 χρημασι
970 2363 1027 2432 καὶ
1055 2368 1121 2451 τὴν

100 2481 273 2559 βασιλείαν
301 2474 548 2542 ἀποδεδωκέναι
575 2474 819 2560 παραδείγμασι
846 2472 1020 2556 χρώμενον
1047 2482 1121 2552 τοῖς

99 2594 168 2648 τῶν
191 2589 302 2649 καλῶν
325 2580 380 2647 καὶ
403 2582 542 2666 ἀμαθῶν
566 2580 753 2665 ἐπιτρόπων
777 2581 901 2665 ἔργοις,
926 2579 1000 2644 ὅσοι
1022 2582 1121 2663 βασι-

101 2692 216 2766 λικοὺς
249 2689 370 2764 παῖδας
402 2687 573 2773 ὀρφανοὺς
604 2685 757 2771 πατέρων
786 2688 1037 2771 ’παραλαβόντες
1070 2687 1120 2764 είς

102 2797 227 2882 ἀνδρας
250 2794 411 2861 έλθοῖισιν
434 2793 547 2876 ὀρθῶς
569 2788 624 2857 καὶ
648 2793 783 2869 δικαίως
803 2793 862 2869 τάς
884 2788 1038 2879 πατρῴας
1061 2790 1120 2858 καὶ

58 2882 303 2996 ,ἐπρομουικάς
326 2898 501 2966 ἀπέδωκαν
524 2898 639 2986 ἀρχάς·
677 2900 708 2963 εί
729 2896 767 2964 δὲ
785 2901 881 2983 μηπω
901 2913 955 2964 σοι
973 2908 1119 2984 φρονεῖν

101 3010 141 3073 τά
168 3011 362 3092 καθήκοντα
392 3007 593 3092 ἐφαινόμην,
626 3001 699 3070 ἀλλ’
726 3008 774 3071 έτι
802 3006 859 3071 διά
884 3006 923 3070 τὸ
950 3003 1031 3070 νέου
1058 3014 1119 3090 τῆς

101 3114 230 3198 ἡλικίας
261 3115 321 3200 οὐχ
352 3114 465 3189 ἱκανὸς
493 3107 579 3178 εἶναι
606 3115 707 3178 πόλιν
733 3113 934 3196 τηλικαύτην
962 3111 1160 3195 διοικεῖν,σνῖ

100 3220 151 3287 ὅτ’
184 3223 230 3300 είς
258 3223 319 3306 τὴν
346 3223 525 3307 κρατίστην
548 3221 780 3306 παρεγενόμην
803 3226 863 3284 τοῦ
887 3217 1036 3301 σώματος
1059 3216 1117 3283 καὶ

173 3378 422 3449 ῖὴωάδ.Ιῖείε1(ε
469 3374 657 3447 8ἥνεμκενΑ
704 3381 736 3430 17
752 3373 793 3430 ὅτ’
809 3376 835 3429 Α
863 3374 968 3430 δτιινΒ
1019 3354 1118 3444 λόφο-

100 3449 182 3512 νικάς
200 3450 225 3504 Α
260 3449 432 3521 προγονικὰς
449 3448 472 3501 Β
544 3454 578 3503 28
598 3446 643 3503 ὅτε
662 3441 689 3516 μ’
710 3445 814 3501 Reiske
