2414 3840
460 182 682 269 .-A-
1065 211 1111 310 4⁵.

89 383 178 447 κίαν.
210 387 315 444 ταῦτα
338 374 401 463 μὲν
421 371 483 443 οὖν
500 385 558 461 τῆς
575 374 769 454 ὑποθέσεως
787 375 991 459 ἀπαιτούσης
1008 374 1109 458 ἀναγ-

90 488 190 552 καῖόν
213 508 250 551 τε
271 483 329 550 καὶ
352 485 484 550 δίκαιον
508 481 623 562 ἔδοξεν
646 477 736 549 εἷναί
755 507 813 568 μοι
835 485 918 569 πρὸς
939 486 1019 560 τοὺς
1042 482 1110 548 ἐπι-

90 604 260 679 τιμῶντας
281 601 352 669 τοίς
369 587 540 675 Ῥωμαίων
564 593 679 656 ἔθεσιν
703 592 815 656 εἰπεῖν.

160 699 264 765 XXV.
295 695 331 764 ‘0
363 695 401 763 δὲ
432 698 572 775 Τύλλιος
599 697 661 763 ούκ
689 695 726 763 ἐν
752 699 883 775 τούτοις
909 699 1015 781 μόνον
1042 707 1112 775 τοῖς

92 806 315 889 πολιτεύμασι
348 804 524 888 δημοτικὸς
556 803 605 869 ὢν
637 802 819 887 ἐδήλωσεν,
852 802 889 868 ἐν
922 795 972 881 οἷς
1003 804 1146 874 ἐδόκεισ

93 915 158 995 τήν
187 935 224 977 τε
252 921 311 995 τῆς
340 914 463 995 βουλῆς
491 909 645 989 ἐξουσίαν
673 909 728 976 καὶ
755 911 907 993 τὴντῶν
929 915 1112 996 πατρικίων

94 1019 299 1083 δυναστείαν
327 1017 500 1101 ἐλαττοῦν,
529 1016 613 1082 ἀλλά
640 1015 692 1082 καλ
718 1016 755 1082 ἐν
779 1008 829 1093 οἷς
851 1017 913 1100 την
936 1018 1112 1101 βασιλικὴν

94 1125 205 1210 ἀρχὴν
233 1123 391 1208 ἐμείωσεν
414 1124 513 1201 αὐτὸς
536 1121 658 1189 ἑαυτοῦ
680 1124 742 1207 την
764 1123 918 1209 ἡμίσειαν
940 1133 998 1208 τῆς
1021 1122 1112 1201 ἐξου-

93 1234 172 1307 σίας
199 1230 412 1315 ἀφελόμενος.
448 1241 516 1295 τῶν
543 1232 607 1316 γάρ
632 1231 697 1315 πρὸ
722 1229 825 1295 αὐτοῦ
844 1228 1008 1314 βασιλέων
1031 1231 1148 1303 &ud-2

94 1355 158 1415 σας
180 1336 367 1415 ἀξιούντων
389 1331 444 1421 ἐφ’
466 1335 605 1414 ἑαυτοὺς
627 1338 722 1420 άγειν
743 1339 801 1414 τὰς
820 1339 914 1415 δίκας
931 1337 986 1403 καὶ
1004 1339 1113 1404 πάντα
1123 1367 1148 1406 10

94 1446 136 1509 τά
164 1443 352 1527 ἐγκλήματα
378 1444 419 1508 τά
441 1441 472 1508 τ’
499 1444 569 1508 ίδια
591 1440 647 1508 καὶ
669 1446 709 1508 τά
731 1445 828 1509 κοινά
850 1446 933 1531 πρὸς
954 1447 1014 1510 τὸν
1038 1443 1113 1510 ἑαυ-

95 1561 166 1615 τῶν
188 1553 316 1636 τρόπον
340 1551 541 1628 δικαζόντων
564 1550 689 1628 ἐκεῖνος
712 1551 833 1616 διελὼν
854 1550 917 1617 ἀπὸ
935 1561 1003 1616 τῶν
1023 1553 1113 1617 ἰδιω-

95 1668 199 1723 τικῶν
225 1658 268 1721 τδι
295 1658 453 1740 δημόσια,
480 1667 548 1721 τῶν
575 1653 637 1741 μὲν
665 1658 712 1734 είς
737 1658 775 1721 τὸ
799 1659 915 1722 κοινὸν
939 1660 1114 1743 φερόντων

96 1764 313 1850 ἀδικημάτων
345 1763 444 1840 αὐτὸς
476 1762 618 1829 ἐποιεῖτο
649 1764 708 1840 τάς
738 1764 949 1847 διαγνώσεις,
981 1774 1049 1828 τῶν
1077 1757 1111 1827 δ’

43 1872 283 1936 τολίδιωτικῶν
313 1870 446 1946 ίδιάτας
472 1868 584 1946 ἔταξεν
613 1863 700 1935 εἶναι
728 1871 897 1953 δικαστάς,
931 1871 1032 1956 ὅρους
1058 1868 1114 1937 καὶ
1124 1897 1150 1938 15

96 1980 245 2054 κανόνας
268 1975 381 2054 αὐτοῖς
403 1975 511 2058 τάξας,
535 1975 595 2054 οὓς
618 1976 718 2054 αύτὸς
736 1979 860 2064 ἔγραψε
878 1980 1011 2062 νόμους.
1044 1977 1149 2048 ἐπεὶ3

97 2082 131 2150 δ’
163 2085 255 2172 αύτῷ
291 2084 332 2148 τά
367 2083 404 2149 ἐν
437 2092 476 2167 τῇ
513 2086 608 2148 πόλει
639 2083 814 2168 πράγματα
845 2086 906 2150 τὸν
937 2084 1114 2170 κράτιστον

96 2194 229 2276 εἰλήφει
251 2191 388 2275 κόσμον,
408 2191 455 2267 είς
477 2188 660 2275 ἐπιθυμίαν
682 2185 789 2273 ἦλθεν
812 2189 971 2275 ἐπιφανές
993 2214 1024 2255 τι
1044 2192 1115 2255 δια-

94 2297 307 2383 πραξάμενος
329 2297 468 2362 αίύνιον
492 2294 613 2362 ἑαυτοῦ
631 2299 765 2381 μνημην
784 2308 854 2374 τοῖς
873 2296 1116 2380 ἐπιγινομένοις

98 2410 303 2471 καταλιπεῖν.
326 2402 462 2487 ἐφιστάς
477 2400 514 2468 δὲ
527 2404 589 2487 την
599 2404 753 2469 διάνοιαν
768 2402 821 2469 ἐπὶ
830 2405 871 2468 τά
884 2413 952 2469 τῶν
967 2403 1114 2489 ἀρχαίων
1124 2431 1150 2470 ιο

97 2509 266 2596 βασιλέων
288 2533 324 2575 τε
346 2508 402 2576 καὶ
420 2514 600 2576 πολιτικῶν
619 2510 753 2597 ἀνδρῶν
772 2522 925 2595 μνημεῖα,
949 2510 982 2590 ἐξ
1001 2506 1049 2577 ὧν
1068 2513 1115 2590 είς

98 2618 247 2702 ὀνόματα
277 2613 329 2681 καὶ
360 2615 458 2694 δόξας
484 2621 675 2701 προῆλθον,
708 2617 784 2682 ούτε
811 2626 872 2682 τοῦ
894 2622 1115 2703 Βαβυλωνίου

97 2728 231 2810 τείχους
253 2721 430 2809 ἐμακάρισε
452 2724 515 2807 τὴν
530 2719 709 2809 Ἀσσυρίαν
727 2723 859 2808 ἐκείνην
877 2736 1019 2808 γυναῖκα
1038 2727 1114 2792 ούτε

97 2843 166 2896 τῶν
200 2829 238 2895 ἐν
265 2826 403 2914 Μέμφει
433 2830 632 2915 πυραμίδων
658 2831 736 2908 τοὺς
763 2830 936 2913 Αἰγύπτου
969 2837 1116 2917 βασιλεῖς

100 2936 170 3004 οὔτ’
201 2943 236 3002 εί
252 2959 304 3012 τις
327 2937 408 3019 άλλη
431 2938 579 3002 πλούτου
597 2934 653 3001 καὶ
670 2939 881 3023 πολυχειρίας
900 2939 1055 3019 ἐπίδειξις
1072 2935 1150 3023 ἦνιε

99 3045 226 3130 ἀνδρὸς
254 3041 432 3127 ἡγεμόνος,
465 3043 548 3108 ἀλλὰ
574 3051 677 3108 ταῦτα
704 3044 811 3110 πάντα
838 3047 939 3130 μικρά
965 3045 1021 3112 καὶ
1048 3046 1116 3111 ὀλι-

98 3154 261 3237 γοχρόνια
288 3146 344 3213 καὶ
367 3149 429 3214 οὐκ
452 3149 526 3228 άξια
549 3151 698 3236 σπουδῆς
720 3151 928 3236 ἡγησάμενος
951 3153 1059 3231 ὄψεώς
1082 3146 1112 3213 τ’

173 3342 448 3410 ὅπολιτεύμασινΒ
473 3346 477 3411 Ι
503 3342 665 3398 ίδιωτῶνΑ
741 3350 773 3398 16
793 3341 952 3412 συνέγραψε
975 3356 998 3393 ο.
1021 3336 1115 3390 Kiess·

96 3415 163 3486 ling
234 3421 269 3469 21
289 3414 402 3482 ἀνδρῶν
421 3414 485 3470 add.
504 3414 527 3467 B
548 3423 552 3476 Ι
573 3412 613 3478 εἰς
631 3413 721 3486 ὄνομα
739 3415 788 3468 καὶ
806 3411 894 3478 δόξαν
912 3426 935 3463 ο.
956 3405 1114 3476 Stephanus

135 3492 172 3541 2‘1
191 3484 284 3555 όψεως
303 3483 352 3538 άτε
371 3484 481 3549 ἀπάτας
499 3502 521 3540 0.
541 3484 645 3540 Reiske
750 3542 755 3546 ,
