2414 3840
140 103 202 166 126
564 107 726 155 -Δ-

139 265 337 350 ἐβουλόμην,
359 264 379 349 ἢ
398 265 481 350 πρὸς
499 263 704 347 ἀγνοοῦντας
723 267 862 349 ἔμελλον
881 264 1001 350 λέγειν,
1025 267 1151 348 ἁπάσας

139 371 318 454 διεξῆλθον
346 370 388 437 ἀν
416 372 473 448 τας
495 379 556 436 τοῦ
579 371 748 456 τυράννου
770 375 994 458 παρανομίας,
1024 372 1079 460 ἐφ’
1102 368 1152 454 αἷς

139 478 199 562 οὐχ
227 477 327 561 ἅπαξ,
355 477 438 543 ἀλλά
465 478 623 553 πολλάκις
650 478 773 543 ἅπασιν
796 483 846 562 είη
872 479 1001 556 δίκαιος
1024 480 1152 547 ἀπολω-

138 582 244 649 λέναι·
281 583 393 668 έπειδη
418 579 450 648 δ’
471 584 490 649 ὅ
512 606 547 648 τε
567 586 692 670 καιρός,
715 582 756 649 δν
774 587 814 650 τδι
832 586 1008 670 πράγματά
1026 611 1084 672 μοι
1103 589 1201 653 δί-ΒΜ

116 691 234 773 ιδωσι,
258 692 392 775 βραχύς,
416 689 454 755 ἐν
477 681 503 778 ᾧ
527 688 636 772 λέγειν
659 686 720 775 μὲν
739 691 835 774 ὀλίγα
854 693 916 776 δεῖ,
938 693 1098 778 πράττειν
1116 693 1152 761 δὲ

137 797 253 880 πολλοί,
276 794 331 861 καὶ
354 797 436 883 πρὸς
459 797 590 873 εἰδότας
612 796 648 861 oc
667 799 772 880 λόγοι,
795 799 836 863 τὰ
858 797 996 883 μέγιστα
1014 799 1073 866 καὶ
1090 824 1152 886 φα-

139 904 306 989 νερώτατα
329 914 395 969 τῶν
419 905 528 989 ἔργων
550 903 654 968 αὐτοῦ
677 901 732 968 καὶ
755 902 830 969 οὐδ’
853 905 1036 989 ἀπολογίας
1059 907 1153 974 ούδε-

137 1018 213 1094 μιᾶς
237 1010 407 1094 δυνύμενα
429 1019 553 1093 τυχεῖν,
575 1005 675 1074 ταῦθ’
696 1008 782 1094 ὑμᾶς
803 1009 997 1095 ὑπομνήσω.

205 1133 404 1199 LXXVIIII.
438 1129 545 1210 Οὗτός
567 1131 673 1216 έστιν,
701 1133 822 1219 ἀνδρες
844 1140 992 1219 πολῖται,
1022 1137 1042 1202 6
1069 1141 1155 1222 Ταρ-

104 1256 128 1296 ιο
138 1240 254 1315 κόνιος
276 1238 294 1303 6
317 1240 382 1323 πρὸ
405 1249 466 1304 τοῦ
488 1242 692 1326 παραλαβεῖν
710 1240 771 1322 τὴν
790 1239 895 1325 ἀρχὴν
908 1239 1078 1328 ’Ἀρροντα
1096 1245 1157 1309 τὸν

138 1347 278 1429 γνήσιον
303 1344 461 1429 ἀδελφόν,
486 1345 536 1410 ότι
558 1346 704 1431 πονηρὸς
725 1344 787 1410 ούκ
804 1345 960 1429 έβούλετο
978 1347 1154 1434 γενέσθαι,

139 1451 326 1535 φαρμάκοις
347 1450 619 1536 διαχρησόμενος,
639 1451 806 1537 συνεργὸν
820 1454 868 1528 είς
881 1461 980 1518 τούτο
993 1456 1033 1520 τὸ
1049 1465 1157 1541 μῦσος

139 1557 252 1640 λαβὼν
274 1557 336 1639 τὴν
360 1555 490 1622 ἐκείνου
512 1569 665 1640 γυναῖκα,
688 1567 746 1642 τῆς
765 1555 798 1622 δ’
821 1559 910 1647 αύτῷ
930 1562 1158 1647 συνοικούσης

140 1664 304 1748 ἀδελφήν,
327 1664 371 1748 ἣν
393 1663 564 1749 ἐμοίχευεν
587 1663 605 1728 6
628 1669 723 1741 θεοῖς
745 1662 866 1750 ἐχθρὸς
889 1666 937 1730 ἔτι
959 1663 1016 1731 καὶ
1039 1669 1157 1735 πύλαι·

103 1733 237 1860 1ξοῦτος
264 1770 282 1835 6
310 1771 372 1854 την
400 1770 544 1854 γαμετὴν
572 1781 728 1855 γυναῖκα,
757 1748 918 1856 σαόφρονα
943 1769 1000 1837 καὶ
1027 1772 1158 1841 τέκνων

139 1879 305 1942 κοινωνὸν
332 1885 526 1961 γεγονυῖαν,
555 1876 592 1943 έν
618 1888 690 1955 ταῖς
718 1877 833 1955 αύταῑς
859 1876 997 1964 ἡμέραις
1018 1878 1075 1945 καί
1100 1882 1158 1946 διδ

139 1993 207 2048 τῶν
235 1982 345 2048 αὐτῶν
372 1982 557 2067 φαρμάκων
581 1982 774 2060 ἀποκτείνας
798 1982 871 2049 οὐδ’
894 1983 1157 2069 ἀφοσιώσασθαι

139 2101 207 2155 τῶν
230 2101 445 2174 φαρμακειῶν
464 2087 661 2175 ἀμφοτέρων
679 2093 738 2167 τὰς
756 2092 924 2175 διαβολάς,
948 2092 993 2169 ὡς
1011 2091 1074 2177 οὐχ
1091 2091 1201 2178 ὑφ’θῈ

140 2195 261 2262 ἑαυτοῦ
288 2195 493 2280 γενομένων,
520 2196 661 2280 ἠξίωσεν
689 2197 821 2287 ἐλεεινῷ
844 2198 1053 2284 χρησόμενος
1077 2203 1156 2284 σχη-

103 2327 216 2388 ιοματι
239 2299 294 2367 καὶ
317 2310 418 2390 μικρᾷ
441 2306 659 2388 προσποιήσει
682 2302 839 2387 πένθους,
865 2301 936 2369 ἀλλ’
958 2303 1065 2382 εὐθὺς
1087 2306 1157 2390 ἅμα

138 2418 184 2496 τῷ
208 2409 292 2475 αύτδι
315 2408 560 2492 διαπράξασθαι
582 2410 623 2474 τά
642 2411 821 2495 θαυμαστὰ
840 2412 930 2493 ἔργα,
953 2406 1034 2496 πρὶν
1053 2409 1074 2493 ἢ
1094 2435 1155 2495 μα-

140 2521 309 2599 ρανθῆναι
331 2517 389 2591 τὰς
402 2514 649 2600 ὑποδεξαμένας
666 2518 707 2581 τὰ
723 2517 871 2600 δύστηνα
885 2516 1020 2600 σώματα
1033 2517 1153 2601 πυρύς,

139 2623 261 2705 φίλους
279 2620 385 2685 εἱστία
403 2620 458 2686 καὶ
476 2622 603 2705 γάμους
621 2620 764 2688 ἐπετέλει
781 2619 837 2687 καὶ
856 2623 917 2706 τὴν
935 2620 1154 2707 ἀνδροφόνον

142 2727 279 2810 νύμφην
303 2723 355 2791 ἐπὶ
378 2728 437 2792 τὸν
459 2735 516 2810 της
535 2728 681 2814 ἀδελφῆς
698 2729 854 2813 θάλαμον
868 2729 965 2811 ἤγετο
979 2729 1038 2805 τάς
1052 2729 1155 2814 ἀπορ-

103 2859 130 2901 τε
141 2833 261 2918 ρύτους
280 2831 431 2916 ἐμπεδῶν
449 2835 531 2919 πρὸς
545 2833 649 2918 αὐτὴν
663 2833 854 2920 ὁμολογίας·
878 2833 996 2899 ἀνόσιοι
1010 2834 1068 2900 καὶ
1083 2833 1154 2913 έξά-

212 3085 227 3132 3
246 3076 379 3140 πολλάκις
397 3076 503 3132 ἅπασιν
523 3079 565 3147 εἴη
585 3080 695 3141 δίκαιος
711 3078 737 3131 Α
772 3076 905 3141 πολλάκις
923 3076 1023 3132 ἅπασι.
1044 3080 1156 3145 δίκαιος

94 3198 99 3205 .
139 3151 162 3204 Β
200 3149 305 3204 ἅπασιν
325 3150 367 3218 είη
387 3147 441 3203 del.
457 3146 545 3203 Cobet
560 3148 625 3204 obe.
639 3168 666 3218 p.
682 3155 715 3204 91
752 3151 857 3219 φανείη
872 3166 895 3202 ο.
909 3147 1014 3202 Reiske
1070 3152 1156 3205 δκαὶ

140 3217 203 3278 οὐδ’
220 3220 413 3289 ἀπολογίαςΟ
439 3220 592 3289 praeterB
685 3226 717 3273 14
737 3217 777 3275 ἔτι
800 3219 929 3275 πάλαιΒ
967 3216 1009 3273 ἔτι
1031 3226 1085 3274 νῦν
1105 3222 1156 3275 καί

139 3293 228 3349 πύλαι
247 3308 270 3345 ο.
289 3289 392 3344 Reiske
467 3296 499 3345 15
519 3290 568 3345 καὶ
586 3297 634 3359 τῆς
652 3291 739 3415 ἀρΙηῆς
757 3291 806 3345 καὶ
823 3289 929 3347 τέκνων
949 3307 972 3344 ο.
992 3289 1155 3360 Stephanus

142 3372 173 3419 17
194 3363 363 3425 ἀποκτείνας
381 3359 411 3424 ὃς
430 3359 492 3416 οὐδ’
510 3361 532 3416 0
551 3364 663 3431 praeter
777 3369 810 3418 18
829 3363 866 3427 ὡς
883 3363 934 3431 οάχ
952 3360 1004 3416 AB
