<?xml version="1.0" encoding="UTF-8"?>
<!DOCTYPE html PUBLIC "-//W3C//DTD XHTML 1.0 Transitional//EN"
    "http://www.w3.org/TR/xhtml1/DTD/xhtml1-transitional.dtd">
<html xmlns="http://www.w3.org/1999/xhtml" xml:lang="en" lang="en">
 <head>
  <title>
</title>
<meta http-equiv="Content-Type" content="text/html;charset=utf-8" />
  <meta name='ocr-system' content='tesseract 3.04.00' />
  <meta name='ocr-capabilities' content='ocr_page ocr_carea ocr_par ocr_line ocrx_word'/>
</head>
<body>
  <div class='ocr_page' id='page_1' title='image "./dionysihalicarn02diongoog_0063.png"; bbox 0 0 2414 3840; ppageno 0'>
   <div class='ocr_carea' id='block_1_1' title="bbox 58 328 1165 3096">
    <p class='ocr_par' dir='ltr' id='par_1_1' title="bbox 58 328 1165 3096">
     <span class='ocr_line' id='line_1_1' title="bbox 89 328 1116 428; baseline 0.013 -34"><span class='ocrx_word' id='word_1_1' title='bbox 89 328 310 421; x_wconf 64' lang='grc' dir='ltr'><strong><em>πρεσβυτίρφ</em></strong></span> <span class='ocrx_word' id='word_1_2' title='bbox 333 340 489 425; x_wconf 75' lang='grc' dir='ltr'><strong><em>τολμηρῷ</em></strong></span> <span class='ocrx_word' id='word_1_3' title='bbox 512 336 569 403; x_wconf 82' lang='grc' dir='ltr'><strong><em>καὶ</em></strong></span> <span class='ocrx_word' id='word_1_4' title='bbox 591 340 737 406; x_wconf 79' lang='grc' dir='ltr'><em>αὐθάδει</em></span> <span class='ocrx_word' id='word_1_5' title='bbox 760 338 816 405; x_wconf 82' lang='grc' dir='ltr'><strong><em>καὶ</em></strong></span> <span class='ocrx_word' id='word_1_6' title='bbox 839 349 1028 428; x_wconf 73' lang='grc' dir='ltr'><strong><em>τυραννικῷ</em></strong></span> <span class='ocrx_word' id='word_1_7' title='bbox 1052 342 1116 425; x_wconf 81' lang='grc' dir='ltr'><strong><em>τὴν</em></strong></span> 
     </span>
     <span class='ocr_line' id='line_1_2' title="bbox 91 430 1165 532; baseline 0.001 -23"><span class='ocrx_word' id='word_1_8' title='bbox 91 430 202 509; x_wconf 73' lang='grc' dir='ltr'><strong><em>φύσιν</em></strong></span> <span class='ocrx_word' id='word_1_9' title='bbox 230 438 304 504; x_wconf 80' lang='grc' dir='ltr'><strong><em>όντι</em></strong></span> <span class='ocrx_word' id='word_1_10' title='bbox 331 443 457 528; x_wconf 79' lang='grc' dir='ltr'><strong><em>χρηστὴ</em></strong></span> <span class='ocrx_word' id='word_1_11' title='bbox 485 443 542 510; x_wconf 82' lang='grc' dir='ltr'><strong><em>καὶ</em></strong></span> <span class='ocrx_word' id='word_1_12' title='bbox 570 447 718 531; x_wconf 81' lang='grc' dir='ltr'><strong><em>σώφρων</em></strong></span> <span class='ocrx_word' id='word_1_13' title='bbox 739 443 795 512; x_wconf 81' lang='grc' dir='ltr'><strong><em>καὶ</em></strong></span> <span class='ocrx_word' id='word_1_14' title='bbox 819 447 1013 532; x_wconf 76' lang='grc' dir='ltr'><strong><em>φιλοπάτωρ</em></strong></span> <span class='ocrx_word' id='word_1_15' title='bbox 1037 462 1165 514; x_wconf 74' lang='grc' dir='ltr'><strong><em>συν-71]</em></strong></span> 
     </span>
     <span class='ocr_line' id='line_1_3' title="bbox 93 540 1121 644; baseline 0 -23"><span class='ocrx_word' id='word_1_16' title='bbox 93 540 180 621; x_wconf 59' lang='grc' dir='ltr'><strong><em>’λδθδ</em></strong></span> <span class='ocrx_word' id='word_1_17' title='bbox 206 547 310 631; x_wconf 66' lang='grc' dir='ltr'><strong><em>γυνή,</em></strong></span> <span class='ocrx_word' id='word_1_18' title='bbox 334 543 511 636; x_wconf 78' lang='grc' dir='ltr'><strong><em>Ἀρροῦντι</em></strong></span> <span class='ocrx_word' id='word_1_19' title='bbox 535 549 572 617; x_wconf 74' lang='grc' dir='ltr'><strong><em>δέ</em></strong></span> <span class='ocrx_word' id='word_1_20' title='bbox 595 561 640 640; x_wconf 75' lang='grc' dir='ltr'><strong><em>τῷ</em></strong></span> <span class='ocrx_word' id='word_1_21' title='bbox 664 551 815 641; x_wconf 78' lang='grc' dir='ltr'><strong><em>νεωτέρῳ</em></strong></span> <span class='ocrx_word' id='word_1_22' title='bbox 838 555 924 618; x_wconf 88' lang='grc' dir='ltr'><strong><em>πολύ</em></strong></span> <span class='ocrx_word' id='word_1_23' title='bbox 947 553 984 618; x_wconf 89' lang='grc' dir='ltr'><strong><em>τὸ</em></strong></span> <span class='ocrx_word' id='word_1_24' title='bbox 1007 561 1121 644; x_wconf 78' lang='grc' dir='ltr'><strong><em>πρᾷον</em></strong></span> 
     </span>
     <span class='ocr_line' id='line_1_4' title="bbox 94 645 1120 745; baseline 0.017 -35"><span class='ocrx_word' id='word_1_25' title='bbox 94 645 207 731; x_wconf 69' lang='grc' dir='ltr'><strong><em>ἔχοντι</em></strong></span> <span class='ocrx_word' id='word_1_26' title='bbox 230 649 287 718; x_wconf 82' lang='grc' dir='ltr'><strong><em>καὶ</em></strong></span> <span class='ocrx_word' id='word_1_27' title='bbox 311 654 508 741; x_wconf 89' lang='grc' dir='ltr'><strong><em>εὐλόγιστον</em></strong></span> <span class='ocrx_word' id='word_1_28' title='bbox 531 658 650 725; x_wconf 90' lang='grc' dir='ltr'><strong><em>ἀνοσία</em></strong></span> <span class='ocrx_word' id='word_1_29' title='bbox 673 657 728 725; x_wconf 77' lang='grc' dir='ltr'><strong><em>καὶ</em></strong></span> <span class='ocrx_word' id='word_1_30' title='bbox 751 659 943 745; x_wconf 76' lang='grc' dir='ltr'><strong><em>μισοπάτωρ</em></strong></span> <span class='ocrx_word' id='word_1_31' title='bbox 962 658 1017 726; x_wconf 79' lang='grc' dir='ltr'><strong><em>καὶ</em></strong></span> <span class='ocrx_word' id='word_1_32' title='bbox 1036 661 1120 727; x_wconf 88' lang='grc' dir='ltr'><strong><em>πάν-</em></strong></span> 
     </span>
     <span class='ocr_line' id='line_1_5' title="bbox 58 723 1121 853; baseline 0.015 -36"><span class='ocrx_word' id='word_1_33' title='bbox 58 723 219 851; x_wconf 53' lang='lat' dir='ltr'><strong><em>{mayoc</em></strong></span> <span class='ocrx_word' id='word_1_34' title='bbox 246 754 290 844; x_wconf 74' lang='grc' dir='ltr'><strong><em>ἦν</em></strong></span> <span class='ocrx_word' id='word_1_35' title='bbox 317 762 338 846; x_wconf 78' lang='grc' dir='ltr'><em>ἡ</em></span> <span class='ocrx_word' id='word_1_36' title='bbox 361 769 495 851; x_wconf 80' lang='grc' dir='ltr'><strong><em>γαμετή.</em></strong></span> <span class='ocrx_word' id='word_1_37' title='bbox 533 764 709 851; x_wconf 83' lang='grc' dir='ltr'><strong><em>συνέβαινε</em></strong></span> <span class='ocrx_word' id='word_1_38' title='bbox 733 767 774 850; x_wconf 79' lang='grc' dir='ltr'><strong><em>δὴ</em></strong></span> <span class='ocrx_word' id='word_1_39' title='bbox 797 778 864 832; x_wconf 82' lang='grc' dir='ltr'><strong><em>τῶν</em></strong></span> <span class='ocrx_word' id='word_1_40' title='bbox 888 767 1022 853; x_wconf 82' lang='grc' dir='ltr'><strong><em>ἀνδρῶν</em></strong></span> <span class='ocrx_word' id='word_1_41' title='bbox 1046 765 1121 833; x_wconf 82' lang='grc' dir='ltr'><strong><em>ἑκα-</em></strong></span> 
     </span>
     <span class='ocr_line' id='line_1_6' title="bbox 95 857 1121 958; baseline 0.006 -26"><span class='ocrx_word' id='word_1_42' title='bbox 95 857 182 951; x_wconf 68' lang='grc' dir='ltr'><strong><em>τέρη)</em></strong></span> <span class='ocrx_word' id='word_1_43' title='bbox 207 863 376 953; x_wconf 87' lang='grc' dir='ltr'><strong><em>φέρεσθαι</em></strong></span> <span class='ocrx_word' id='word_1_44' title='bbox 398 868 460 958; x_wconf 72' lang='grc' dir='ltr'><strong><em>μέν</em></strong></span> <span class='ocrx_word' id='word_1_45' title='bbox 482 872 535 940; x_wconf 80' lang='grc' dir='ltr'><strong><em>ἐπὶ</em></strong></span> <span class='ocrx_word' id='word_1_46' title='bbox 555 875 617 958; x_wconf 80' lang='grc' dir='ltr'><strong><em>τὴν</em></strong></span> <span class='ocrx_word' id='word_1_47' title='bbox 635 871 757 939; x_wconf 82' lang='grc' dir='ltr'><strong><em>ἑαυτοῦ</em></strong></span> <span class='ocrx_word' id='word_1_48' title='bbox 775 875 891 958; x_wconf 89' lang='grc' dir='ltr'><strong><em>φύσιν,</em></strong></span> <span class='ocrx_word' id='word_1_49' title='bbox 915 874 1121 958; x_wconf 78' lang='grc' dir='ltr'><strong><em>μετάγεσθαι</em></strong></span> 
     </span>
     <span class='ocr_line' id='line_1_7' title="bbox 96 963 1121 1066; baseline 0.01 -30"><span class='ocrx_word' id='word_1_50' title='bbox 96 963 128 1032; x_wconf 76' lang='grc' dir='ltr'><strong><em>δ’</em></strong></span> <span class='ocrx_word' id='word_1_51' title='bbox 151 968 217 1039; x_wconf 83' lang='grc' dir='ltr'><strong><em>ὑπὸ</em></strong></span> <span class='ocrx_word' id='word_1_52' title='bbox 241 984 301 1061; x_wconf 78' lang='grc' dir='ltr'><strong><em>της</em></strong></span> <span class='ocrx_word' id='word_1_53' title='bbox 322 983 482 1062; x_wconf 87' lang='grc' dir='ltr'><strong><em>γυναικὸς</em></strong></span> <span class='ocrx_word' id='word_1_54' title='bbox 505 978 558 1046; x_wconf 83' lang='grc' dir='ltr'><strong><em>ἐπὶ</em></strong></span> <span class='ocrx_word' id='word_1_55' title='bbox 580 979 753 1047; x_wconf 89' lang='grc' dir='ltr'><strong><em>τάναντία·</em></strong></span> <span class='ocrx_word' id='word_1_56' title='bbox 785 979 803 1046; x_wconf 86' lang='grc' dir='ltr'><strong><em>δ</em></strong></span> <span class='ocrx_word' id='word_1_57' title='bbox 827 978 888 1065; x_wconf 90' lang='grc' dir='ltr'><strong><em>μέν</em></strong></span> <span class='ocrx_word' id='word_1_58' title='bbox 910 1004 949 1063; x_wconf 92' lang='grc' dir='ltr'><strong><em>γε</em></strong></span> <span class='ocrx_word' id='word_1_59' title='bbox 970 981 1121 1066; x_wconf 89' lang='grc' dir='ltr'><strong><em>πονηρὸς</em></strong></span> 
     </span>
     <span class='ocr_line' id='line_1_8' title="bbox 97 1072 1121 1174; baseline 0.008 -29"><span class='ocrx_word' id='word_1_60' title='bbox 97 1072 253 1161; x_wconf 79' lang='grc' dir='ltr'><strong><em>ἐκβαλεῖν</em></strong></span> <span class='ocrx_word' id='word_1_61' title='bbox 280 1094 339 1170; x_wconf 78' lang='grc' dir='ltr'><strong><em>τῆς</em></strong></span> <span class='ocrx_word' id='word_1_62' title='bbox 366 1091 534 1172; x_wconf 77' lang='grc' dir='ltr'><strong><em>βασιλείας</em></strong></span> <span class='ocrx_word' id='word_1_63' title='bbox 560 1090 619 1155; x_wconf 90' lang='grc' dir='ltr'><strong><em>τὸν</em></strong></span> <span class='ocrx_word' id='word_1_64' title='bbox 646 1089 810 1172; x_wconf 80' lang='grc' dir='ltr'><strong><em>κηδεστὴν</em></strong></span> <span class='ocrx_word' id='word_1_65' title='bbox 837 1088 1121 1174; x_wconf 76' lang='grc' dir='ltr'><strong><em>προθυμούμενος</em></strong></span> 
     </span>
     <span class='ocr_line' id='line_1_9' title="bbox 97 1182 1120 1280; baseline 0.01 -32"><span class='ocrx_word' id='word_1_66' title='bbox 97 1182 153 1249; x_wconf 81' lang='grc' dir='ltr'><strong><em>καὶ</em></strong></span> <span class='ocrx_word' id='word_1_67' title='bbox 181 1190 290 1256; x_wconf 88' lang='grc' dir='ltr'><strong><em>πάντα</em></strong></span> <span class='ocrx_word' id='word_1_68' title='bbox 319 1195 557 1280; x_wconf 82' lang='grc' dir='ltr'><strong><em>μηχανώμενος</em></strong></span> <span class='ocrx_word' id='word_1_69' title='bbox 585 1196 632 1272; x_wconf 88' lang='grc' dir='ltr'><strong><em>είς</em></strong></span> <span class='ocrx_word' id='word_1_70' title='bbox 657 1203 757 1261; x_wconf 89' lang='grc' dir='ltr'><strong><em>τοῦτο</em></strong></span> <span class='ocrx_word' id='word_1_71' title='bbox 785 1194 850 1260; x_wconf 81' lang='grc' dir='ltr'><strong><em>ὑπὸ</em></strong></span> <span class='ocrx_word' id='word_1_72' title='bbox 879 1202 937 1278; x_wconf 77' lang='grc' dir='ltr'><strong><em>τῆς</em></strong></span> <span class='ocrx_word' id='word_1_73' title='bbox 959 1195 1120 1277; x_wconf 91' lang='grc' dir='ltr'><strong><em>γυναικὸς</em></strong></span> 
     </span>
     <span class='ocr_line' id='line_1_10' title="bbox 64 1297 1116 1387; baseline 0.009 -30"><span class='ocrx_word' id='word_1_74' title='bbox 64 1316 90 1358; x_wconf 83' lang='grc' dir='ltr'><strong><em>ιο</em></strong></span> <span class='ocrx_word' id='word_1_75' title='bbox 99 1298 312 1377; x_wconf 82' lang='grc' dir='ltr'><strong><em>μετεπείθετο</em></strong></span> <span class='ocrx_word' id='word_1_76' title='bbox 346 1300 586 1386; x_wconf 82' lang='grc' dir='ltr'><strong><em>ἀντιβολούσης</em></strong></span> <span class='ocrx_word' id='word_1_77' title='bbox 618 1325 654 1368; x_wconf 91' lang='grc' dir='ltr'><strong><em>τε</em></strong></span> <span class='ocrx_word' id='word_1_78' title='bbox 684 1299 740 1367; x_wconf 83' lang='grc' dir='ltr'><strong><em>καλ</em></strong></span> <span class='ocrx_word' id='word_1_79' title='bbox 772 1299 990 1387; x_wconf 73' lang='grc' dir='ltr'><strong><em>ὀδυρομένης</em></strong></span> <span class='ocrx_word' id='word_1_80' title='bbox 1033 1300 1051 1367; x_wconf 86' lang='grc' dir='ltr'><strong><em>δ</em></strong></span> <span class='ocrx_word' id='word_1_81' title='bbox 1082 1297 1116 1365; x_wconf 89' lang='grc' dir='ltr'><strong><em>δ’</em></strong></span> 
     </span>
     <span class='ocr_line' id='line_1_11' title="bbox 100 1398 1121 1493; baseline 0.008 -27"><span class='ocrx_word' id='word_1_82' title='bbox 100 1398 246 1489; x_wconf 75' lang='grc' dir='ltr'><strong><em>ἐπιεικὴς</em></strong></span> <span class='ocrx_word' id='word_1_83' title='bbox 264 1403 366 1475; x_wconf 73' lang='grc' dir='ltr'><strong><em>οὐδὲν</em></strong></span> <span class='ocrx_word' id='word_1_84' title='bbox 386 1411 538 1493; x_wconf 88' lang='grc' dir='ltr'><strong><em>οίόμενος</em></strong></span> <span class='ocrx_word' id='word_1_85' title='bbox 557 1410 629 1475; x_wconf 88' lang='grc' dir='ltr'><strong><em>δεῖν</em></strong></span> <span class='ocrx_word' id='word_1_86' title='bbox 644 1408 879 1493; x_wconf 85' lang='grc' dir='ltr'><strong><em>ἐξαμαρτάνειν</em></strong></span> <span class='ocrx_word' id='word_1_87' title='bbox 898 1410 945 1484; x_wconf 87' lang='grc' dir='ltr'><strong><em>είς</em></strong></span> <span class='ocrx_word' id='word_1_88' title='bbox 962 1408 1023 1474; x_wconf 91' lang='grc' dir='ltr'><strong><em>τὸν</em></strong></span> <span class='ocrx_word' id='word_1_89' title='bbox 1041 1428 1121 1474; x_wconf 90' lang='grc' dir='ltr'><strong><em>πεν-</em></strong></span> 
     </span>
     <span class='ocr_line' id='line_1_12' title="bbox 100 1510 1120 1607; baseline 0.008 -35"><span class='ocrx_word' id='word_1_90' title='bbox 100 1510 218 1596; x_wconf 88' lang='grc' dir='ltr'><strong><em>θερόν,</em></strong></span> <span class='ocrx_word' id='word_1_91' title='bbox 242 1512 331 1607; x_wconf 89' lang='grc' dir='ltr'><strong><em>ἀλλά</em></strong></span> <span class='ocrx_word' id='word_1_92' title='bbox 357 1514 564 1602; x_wconf 87' lang='grc' dir='ltr'><strong><em>περιμένειν,</em></strong></span> <span class='ocrx_word' id='word_1_93' title='bbox 597 1514 659 1594; x_wconf 79' lang='grc' dir='ltr'><strong><em>ἕως</em></strong></span> <span class='ocrx_word' id='word_1_94' title='bbox 685 1514 706 1599; x_wconf 81' lang='grc' dir='ltr'><em>ἡ</em></span> <span class='ocrx_word' id='word_1_95' title='bbox 735 1516 836 1600; x_wconf 89' lang='grc' dir='ltr'><strong><em>φύσις</em></strong></span> <span class='ocrx_word' id='word_1_96' title='bbox 863 1513 967 1579; x_wconf 86' lang='grc' dir='ltr'><strong><em>αὐτὸν</em></strong></span> <span class='ocrx_word' id='word_1_97' title='bbox 995 1514 1030 1578; x_wconf 88' lang='grc' dir='ltr'><strong><em>ἐκ</em></strong></span> <span class='ocrx_word' id='word_1_98' title='bbox 1058 1522 1120 1581; x_wconf 87' lang='grc' dir='ltr'><strong><em>τοῦ</em></strong></span> 
     </span>
     <span class='ocr_line' id='line_1_13' title="bbox 103 1617 1120 1708; baseline 0.001 -24"><span class='ocrx_word' id='word_1_99' title='bbox 103 1618 160 1699; x_wconf 76' lang='grc' dir='ltr'><strong><em>ζῆν</em></strong></span> <span class='ocrx_word' id='word_1_100' title='bbox 191 1617 349 1708; x_wconf 77' lang='grc' dir='ltr'><strong><em>ἐξαγάγῃ,</em></strong></span> <span class='ocrx_word' id='word_1_101' title='bbox 381 1619 436 1688; x_wconf 85' lang='grc' dir='ltr'><strong><em>καὶ</em></strong></span> <span class='ocrx_word' id='word_1_102' title='bbox 463 1625 523 1688; x_wconf 89' lang='grc' dir='ltr'><strong><em>τὸν</em></strong></span> <span class='ocrx_word' id='word_1_103' title='bbox 551 1622 700 1707; x_wconf 85' lang='grc' dir='ltr'><strong><em>ἀδελφὸν</em></strong></span> <span class='ocrx_word' id='word_1_104' title='bbox 728 1620 789 1686; x_wconf 87' lang='grc' dir='ltr'><strong><em>οὐκ</em></strong></span> <span class='ocrx_word' id='word_1_105' title='bbox 812 1619 876 1686; x_wconf 84' lang='grc' dir='ltr'><strong><em>ἐῶν</em></strong></span> <span class='ocrx_word' id='word_1_106' title='bbox 898 1622 1120 1706; x_wconf 79' lang='grc' dir='ltr'><strong><em>πράττειντὰ</em></strong></span> 
     </span>
     <span class='ocr_line' id='line_1_14' title="bbox 102 1724 1119 1814; baseline 0.004 -24"><span class='ocrx_word' id='word_1_107' title='bbox 102 1724 146 1808; x_wconf 80' lang='grc' dir='ltr'><strong><em>μὴ</em></strong></span> <span class='ocrx_word' id='word_1_108' title='bbox 180 1726 307 1813; x_wconf 90' lang='grc' dir='ltr'><strong><em>δίκαια,</em></strong></span> <span class='ocrx_word' id='word_1_109' title='bbox 339 1730 404 1795; x_wconf 83' lang='grc' dir='ltr'><strong><em>ὑπὸ</em></strong></span> <span class='ocrx_word' id='word_1_110' title='bbox 436 1739 494 1814; x_wconf 77' lang='grc' dir='ltr'><strong><em>τῆς</em></strong></span> <span class='ocrx_word' id='word_1_111' title='bbox 527 1729 663 1807; x_wconf 81' lang='grc' dir='ltr'><strong><em>ἀνοσίας</em></strong></span> <span class='ocrx_word' id='word_1_112' title='bbox 693 1727 851 1812; x_wconf 89' lang='grc' dir='ltr'><strong><em>γυναικὸς</em></strong></span> <span class='ocrx_word' id='word_1_113' title='bbox 879 1725 932 1792; x_wconf 79' lang='grc' dir='ltr'><strong><em>ἐπὶ</em></strong></span> <span class='ocrx_word' id='word_1_114' title='bbox 959 1726 1119 1794; x_wconf 90' lang='grc' dir='ltr'><strong><em>τάναντία</em></strong></span> 
     </span>
     <span class='ocr_line' id='line_1_15' title="bbox 67 1830 1121 1921; baseline 0.005 -27"><span class='ocrx_word' id='word_1_115' title='bbox 67 1854 93 1895; x_wconf 79' lang='grc' dir='ltr'><strong><em>ω</em></strong></span> <span class='ocrx_word' id='word_1_116' title='bbox 103 1836 259 1917; x_wconf 83' lang='grc' dir='ltr'><strong><em>μετήγετο</em></strong></span> <span class='ocrx_word' id='word_1_117' title='bbox 287 1837 516 1920; x_wconf 76' lang='grc' dir='ltr'><strong><em>νουθετούσης</em></strong></span> <span class='ocrx_word' id='word_1_118' title='bbox 544 1860 579 1902; x_wconf 87' lang='grc' dir='ltr'><strong><em>τε</em></strong></span> <span class='ocrx_word' id='word_1_119' title='bbox 605 1833 661 1901; x_wconf 81' lang='grc' dir='ltr'><strong><em>καὶ</em></strong></span> <span class='ocrx_word' id='word_1_120' title='bbox 688 1830 949 1921; x_wconf 80' lang='grc' dir='ltr'><strong><em>λοιδορουμένης</em></strong></span> <span class='ocrx_word' id='word_1_121' title='bbox 975 1831 1031 1898; x_wconf 87' lang='grc' dir='ltr'><strong><em>καὶ</em></strong></span> <span class='ocrx_word' id='word_1_122' title='bbox 1059 1836 1121 1919; x_wconf 80' lang='grc' dir='ltr'><strong><em>τὴν</em></strong></span> 
     </span>
     <span class='ocr_line' id='line_1_16' title="bbox 67 1936 1121 2027; baseline 0.002 -21"><span class='ocrx_word' id='word_1_123' title='bbox 67 1938 292 2027; x_wconf 87' lang='grc' dir='ltr'><strong><em>4ἀνανδριάν</em></strong></span> <span class='ocrx_word' id='word_1_124' title='bbox 323 1943 533 2026; x_wconf 83' lang='grc' dir='ltr'><strong><em>κακιζούσης·</em></strong></span> <span class='ocrx_word' id='word_1_125' title='bbox 570 1942 614 2020; x_wconf 87' lang='grc' dir='ltr'><strong><em>ὡς</em></strong></span> <span class='ocrx_word' id='word_1_126' title='bbox 648 1936 678 2006; x_wconf 88' lang='grc' dir='ltr'><strong><em>δ’</em></strong></span> <span class='ocrx_word' id='word_1_127' title='bbox 708 1937 810 2006; x_wconf 71' lang='grc' dir='ltr'><strong><em>οὐδὲν</em></strong></span> <span class='ocrx_word' id='word_1_128' title='bbox 837 1938 1014 2025; x_wconf 77' lang='grc' dir='ltr'><strong><em>ἐπέραινον</em></strong></span> <span class='ocrx_word' id='word_1_129' title='bbox 1042 1942 1121 2008; x_wconf 80' lang='grc' dir='ltr'><strong><em>οὔτε</em></strong></span> 
     </span>
     <span class='ocr_line' id='line_1_17' title="bbox 104 2046 1121 2136; baseline 0.003 -25"><span class='ocrx_word' id='word_1_130' title='bbox 104 2046 141 2111; x_wconf 86' lang='grc' dir='ltr'><strong><em>αί</em></strong></span> <span class='ocrx_word' id='word_1_131' title='bbox 161 2055 219 2132; x_wconf 75' lang='grc' dir='ltr'><strong><em>τῆς</em></strong></span> <span class='ocrx_word' id='word_1_132' title='bbox 242 2049 420 2136; x_wconf 87' lang='grc' dir='ltr'><strong><em>σώφρονος</em></strong></span> <span class='ocrx_word' id='word_1_133' title='bbox 438 2053 598 2115; x_wconf 77' lang='grc' dir='ltr'><strong><em>λιτανεῖαι</em></strong></span> <span class='ocrx_word' id='word_1_134' title='bbox 617 2051 657 2113; x_wconf 90' lang='grc' dir='ltr'><strong><em>τά</em></strong></span> <span class='ocrx_word' id='word_1_135' title='bbox 673 2048 830 2133; x_wconf 91' lang='grc' dir='ltr'><strong><em>κράτιστα</em></strong></span> <span class='ocrx_word' id='word_1_136' title='bbox 848 2048 908 2112; x_wconf 89' lang='grc' dir='ltr'><strong><em>τὸν</em></strong></span> <span class='ocrx_word' id='word_1_137' title='bbox 926 2046 967 2112; x_wconf 87' lang='grc' dir='ltr'><strong><em>ού</em></strong></span> <span class='ocrx_word' id='word_1_138' title='bbox 987 2048 1121 2114; x_wconf 91' lang='grc' dir='ltr'><strong><em>δίκαιον</em></strong></span> 
     </span>
     <span class='ocr_line' id='line_1_18' title="bbox 104 2151 1121 2240; baseline 0.002 -23"><span class='ocrx_word' id='word_1_139' title='bbox 104 2153 212 2240; x_wconf 87' lang='grc' dir='ltr'><strong><em>ἀνδρα</em></strong></span> <span class='ocrx_word' id='word_1_140' title='bbox 235 2156 430 2239; x_wconf 88' lang='grc' dir='ltr'><strong><em>πειθούσης,</em></strong></span> <span class='ocrx_word' id='word_1_141' title='bbox 454 2155 531 2222; x_wconf 87' lang='grc' dir='ltr'><strong><em>ούτε</em></strong></span> <span class='ocrx_word' id='word_1_142' title='bbox 555 2155 592 2220; x_wconf 90' lang='grc' dir='ltr'><strong><em>αί</em></strong></span> <span class='ocrx_word' id='word_1_143' title='bbox 612 2164 670 2238; x_wconf 77' lang='grc' dir='ltr'><strong><em>τῆς</em></strong></span> <span class='ocrx_word' id='word_1_144' title='bbox 691 2164 811 2239; x_wconf 84' lang='grc' dir='ltr'><strong><em>μιαρᾶς</em></strong></span> <span class='ocrx_word' id='word_1_145' title='bbox 833 2151 1044 2238; x_wconf 91' lang='grc' dir='ltr'><strong><em>παραινέσεις</em></strong></span> <span class='ocrx_word' id='word_1_146' title='bbox 1067 2153 1121 2219; x_wconf 83' lang='grc' dir='ltr'><strong><em>ἐπὶ</em></strong></span> 
     </span>
     <span class='ocr_line' id='line_1_19' title="bbox 103 2254 1121 2348; baseline 0.002 -24"><span class='ocrx_word' id='word_1_147' title='bbox 103 2263 161 2339; x_wconf 82' lang='grc' dir='ltr'><strong><em>τὰς</em></strong></span> <span class='ocrx_word' id='word_1_148' title='bbox 184 2262 341 2339; x_wconf 88' lang='grc' dir='ltr'><strong><em>ἀνοσίους</em></strong></span> <span class='ocrx_word' id='word_1_149' title='bbox 364 2260 497 2348; x_wconf 85' lang='grc' dir='ltr'><strong><em>πράξεις</em></strong></span> <span class='ocrx_word' id='word_1_150' title='bbox 519 2262 578 2327; x_wconf 90' lang='grc' dir='ltr'><strong><em>τὸν</em></strong></span> <span class='ocrx_word' id='word_1_151' title='bbox 602 2261 643 2327; x_wconf 88' lang='grc' dir='ltr'><strong><em>οὐ</em></strong></span> <span class='ocrx_word' id='word_1_152' title='bbox 666 2261 816 2345; x_wconf 90' lang='grc' dir='ltr'><strong><em>πονηρὸν</em></strong></span> <span class='ocrx_word' id='word_1_153' title='bbox 839 2254 925 2325; x_wconf 79' lang='grc' dir='ltr'><strong><em>εἶναι</em></strong></span> <span class='ocrx_word' id='word_1_154' title='bbox 947 2263 1121 2344; x_wconf 84' lang='grc' dir='ltr'><strong><em>πεφυκότα</em></strong></span> 
     </span>
     <span class='ocr_line' id='line_1_20' title="bbox 68 2363 1165 2455; baseline -0.001 -25"><span class='ocrx_word' id='word_1_155' title='bbox 68 2391 96 2431; x_wconf 87' lang='grc' dir='ltr'><strong><em>ω</em></strong></span> <span class='ocrx_word' id='word_1_156' title='bbox 104 2371 375 2454; x_wconf 87' lang='grc' dir='ltr'><strong><em>παρακαλούσης,</em></strong></span> <span class='ocrx_word' id='word_1_157' title='bbox 413 2366 484 2435; x_wconf 89' lang='grc' dir='ltr'><strong><em>ἀλλ’</em></strong></span> <span class='ocrx_word' id='word_1_158' title='bbox 516 2367 669 2455; x_wconf 81' lang='grc' dir='ltr'><strong><em>ἑκάτερος</em></strong></span> <span class='ocrx_word' id='word_1_159' title='bbox 696 2363 749 2433; x_wconf 83' lang='grc' dir='ltr'><strong><em>ἐπὶ</em></strong></span> <span class='ocrx_word' id='word_1_160' title='bbox 775 2367 837 2450; x_wconf 79' lang='grc' dir='ltr'><strong><em>τὴν</em></strong></span> <span class='ocrx_word' id='word_1_161' title='bbox 865 2364 985 2433; x_wconf 83' lang='grc' dir='ltr'><strong><em>ἑαυτοῦ</em></strong></span> <span class='ocrx_word' id='word_1_162' title='bbox 1013 2368 1165 2452; x_wconf 69' lang='grc' dir='ltr'><strong><em>φύσινῖη</em></strong></span> 
     </span>
     <span class='ocr_line' id='line_1_21' title="bbox 104 2471 1121 2562; baseline 0.001 -23"><span class='ocrx_word' id='word_1_163' title='bbox 104 2473 240 2562; x_wconf 89' lang='grc' dir='ltr'><strong><em>ἐφέρετο</em></strong></span> <span class='ocrx_word' id='word_1_164' title='bbox 269 2475 324 2542; x_wconf 83' lang='grc' dir='ltr'><strong><em>καὶ</em></strong></span> <span class='ocrx_word' id='word_1_165' title='bbox 351 2478 504 2561; x_wconf 91' lang='grc' dir='ltr'><strong><em>λυπηράν</em></strong></span> <span class='ocrx_word' id='word_1_166' title='bbox 531 2475 642 2558; x_wconf 78' lang='grc' dir='ltr'><strong><em>ἡγεῖτο</em></strong></span> <span class='ocrx_word' id='word_1_167' title='bbox 665 2475 725 2558; x_wconf 81' lang='grc' dir='ltr'><strong><em>τὴν</em></strong></span> <span class='ocrx_word' id='word_1_168' title='bbox 749 2474 792 2557; x_wconf 81' lang='grc' dir='ltr'><strong><em>μὴ</em></strong></span> <span class='ocrx_word' id='word_1_169' title='bbox 815 2474 856 2537; x_wconf 87' lang='grc' dir='ltr'><strong><em>τά</em></strong></span> <span class='ocrx_word' id='word_1_170' title='bbox 879 2471 977 2556; x_wconf 81' lang='grc' dir='ltr'><strong><em>ὅμοια</em></strong></span> <span class='ocrx_word' id='word_1_171' title='bbox 999 2475 1121 2556; x_wconf 88' lang='grc' dir='ltr'><strong><em>βουλο-</em></strong></span> 
     </span>
     <span class='ocr_line' id='line_1_22' title="bbox 105 2569 1122 2670; baseline -0.001 -23"><span class='ocrx_word' id='word_1_172' title='bbox 105 2569 222 2667; x_wconf 86' lang='grc' dir='ltr'><strong><em>μένην,</em></strong></span> <span class='ocrx_word' id='word_1_173' title='bbox 241 2592 280 2669; x_wconf 75' lang='grc' dir='ltr'><strong><em>τῇ</em></strong></span> <span class='ocrx_word' id='word_1_174' title='bbox 300 2580 361 2668; x_wconf 77' lang='grc' dir='ltr'><strong><em>μὲν</em></strong></span> <span class='ocrx_word' id='word_1_175' title='bbox 381 2583 570 2670; x_wconf 88' lang='grc' dir='ltr'><strong><em>ὀδύρεσθαί</em></strong></span> <span class='ocrx_word' id='word_1_176' title='bbox 584 2578 688 2646; x_wconf 78' lang='grc' dir='ltr'><strong><em>τεκαὶ</em></strong></span> <span class='ocrx_word' id='word_1_177' title='bbox 707 2577 824 2665; x_wconf 89' lang='grc' dir='ltr'><strong><em>φέρειν</em></strong></span> <span class='ocrx_word' id='word_1_178' title='bbox 842 2580 901 2644; x_wconf 93' lang='grc' dir='ltr'><strong><em>τὸν</em></strong></span> <span class='ocrx_word' id='word_1_179' title='bbox 916 2577 1034 2664; x_wconf 73' lang='grc' dir='ltr'><strong><em>ἑαυτῆς</em></strong></span> <span class='ocrx_word' id='word_1_180' title='bbox 1048 2581 1122 2646; x_wconf 89' lang='grc' dir='ltr'><strong><em>δαί-</em></strong></span> 
     </span>
     <span class='ocr_line' id='line_1_23' title="bbox 105 2682 1121 2776; baseline -0.002 -22"><span class='ocrx_word' id='word_1_181' title='bbox 105 2712 192 2774; x_wconf 94' lang='grc' dir='ltr'><strong><em>μονα</em></strong></span> <span class='ocrx_word' id='word_1_182' title='bbox 215 2697 347 2776; x_wconf 78' lang='grc' dir='ltr'><strong><em>περιῆν·</em></strong></span> <span class='ocrx_word' id='word_1_183' title='bbox 380 2698 419 2776; x_wconf 75' lang='grc' dir='ltr'><strong><em>τῇ</em></strong></span> <span class='ocrx_word' id='word_1_184' title='bbox 444 2686 481 2754; x_wconf 74' lang='grc' dir='ltr'><strong><em>δὲ</em></strong></span> <span class='ocrx_word' id='word_1_185' title='bbox 504 2688 681 2775; x_wconf 80' lang='grc' dir='ltr'><strong><em>παντόλμῳ</em></strong></span> <span class='ocrx_word' id='word_1_186' title='bbox 704 2687 916 2770; x_wconf 83' lang='grc' dir='ltr'><strong><em>χαλεπαίνειν</em></strong></span> <span class='ocrx_word' id='word_1_187' title='bbox 938 2682 993 2750; x_wconf 84' lang='grc' dir='ltr'><strong><em>καὶ</em></strong></span> <span class='ocrx_word' id='word_1_188' title='bbox 1017 2685 1121 2752; x_wconf 89' lang='grc' dir='ltr'><strong><em>ἀπαλ-</em></strong></span> 
     </span>
     <span class='ocr_line' id='line_1_24' title="bbox 70 2788 1121 2881; baseline -0.004 -19"><span class='ocrx_word' id='word_1_189' title='bbox 70 2794 247 2881; x_wconf 77' lang='grc' dir='ltr'><strong><em>ὖλαγῆναι</em></strong></span> <span class='ocrx_word' id='word_1_190' title='bbox 281 2800 387 2880; x_wconf 82' lang='grc' dir='ltr'><strong><em>ζητεῖν</em></strong></span> <span class='ocrx_word' id='word_1_191' title='bbox 420 2795 484 2860; x_wconf 88' lang='grc' dir='ltr'><strong><em>ἀπὸ</em></strong></span> <span class='ocrx_word' id='word_1_192' title='bbox 517 2802 578 2859; x_wconf 86' lang='grc' dir='ltr'><strong><em>τοῦ</em></strong></span> <span class='ocrx_word' id='word_1_193' title='bbox 610 2802 857 2869; x_wconf 86' lang='grc' dir='ltr'><strong><em>συνοικοῦντος.</em></strong></span> <span class='ocrx_word' id='word_1_194' title='bbox 903 2793 1014 2858; x_wconf 81' lang='grc' dir='ltr'><strong><em>ἔπειτα</em></strong></span> <span class='ocrx_word' id='word_1_195' title='bbox 1042 2788 1074 2858; x_wconf 89' lang='grc' dir='ltr'><strong><em>δ’</em></strong></span> <span class='ocrx_word' id='word_1_196' title='bbox 1100 2793 1121 2877; x_wconf 81' lang='grc' dir='ltr'><em>ἡ</em></span> 
     </span>
     <span class='ocr_line' id='line_1_25' title="bbox 66 2897 1121 2988; baseline -0.003 -21"><span class='ocrx_word' id='word_1_197' title='bbox 66 2921 92 2962; x_wconf 72' lang='grc' dir='ltr'><strong><em>ιο</em></strong></span> <span class='ocrx_word' id='word_1_198' title='bbox 106 2904 190 2988; x_wconf 76' lang='grc' dir='ltr'><strong><em>κακὴ</em></strong></span> <span class='ocrx_word' id='word_1_199' title='bbox 209 2905 271 2988; x_wconf 81' lang='grc' dir='ltr'><strong><em>τὴν</em></strong></span> <span class='ocrx_word' id='word_1_200' title='bbox 290 2904 395 2988; x_wconf 91' lang='grc' dir='ltr'><strong><em>φύσιν</em></strong></span> <span class='ocrx_word' id='word_1_201' title='bbox 414 2901 643 2984; x_wconf 77' lang='grc' dir='ltr'><strong><em>ἀπονοηθεῖσα</em></strong></span> <span class='ocrx_word' id='word_1_202' title='bbox 661 2897 716 2964; x_wconf 78' lang='grc' dir='ltr'><strong><em>καὶ</em></strong></span> <span class='ocrx_word' id='word_1_203' title='bbox 735 2903 901 2984; x_wconf 85' lang='grc' dir='ltr'><strong><em>νομίσασα</em></strong></span> <span class='ocrx_word' id='word_1_204' title='bbox 918 2910 988 2977; x_wconf 89' lang='grc' dir='ltr'><strong><em>τοῖς</em></strong></span> <span class='ocrx_word' id='word_1_205' title='bbox 1003 2897 1121 2984; x_wconf 77' lang='grc' dir='ltr'><strong><em>ἑαυτῆς</em></strong></span> 
     </span>
     <span class='ocr_line' id='line_1_26' title="bbox 105 3005 1121 3096; baseline -0.002 -22"><span class='ocrx_word' id='word_1_206' title='bbox 105 3013 241 3095; x_wconf 91' lang='grc' dir='ltr'><strong><em>τρόποις</em></strong></span> <span class='ocrx_word' id='word_1_207' title='bbox 273 3010 447 3096; x_wconf 83' lang='grc' dir='ltr'><strong><em>ἁρμόττειν</em></strong></span> <span class='ocrx_word' id='word_1_208' title='bbox 479 3007 620 3093; x_wconf 88' lang='grc' dir='ltr'><strong><em>μάλιστα</em></strong></span> <span class='ocrx_word' id='word_1_209' title='bbox 655 3007 714 3072; x_wconf 89' lang='grc' dir='ltr'><strong><em>τὸν</em></strong></span> <span class='ocrx_word' id='word_1_210' title='bbox 746 3015 803 3090; x_wconf 80' lang='grc' dir='ltr'><strong><em>τῆς</em></strong></span> <span class='ocrx_word' id='word_1_211' title='bbox 836 3005 982 3091; x_wconf 76' lang='grc' dir='ltr'><strong><em>ἀδελφῆς</em></strong></span> <span class='ocrx_word' id='word_1_212' title='bbox 1012 3007 1121 3092; x_wconf 88' lang='grc' dir='ltr'><strong><em>ἀνδρα</em></strong></span> 
     </span>
    </p>
   </div>
   <div class='ocr_carea' id='block_1_2' title="bbox 103 3230 1123 3525">
    <p class='ocr_par' dir='ltr' id='par_1_2' title="bbox 103 3230 1123 3525">
     <span class='ocr_line' id='line_1_27' title="bbox 178 3230 1122 3311; baseline -0.008 -15"><span class='ocrx_word' id='word_1_213' title='bbox 178 3247 194 3295; x_wconf 86' lang='grc'>9</span> <span class='ocrx_word' id='word_1_214' title='bbox 214 3248 331 3311; x_wconf 81' lang='grc' dir='ltr'><strong><em>χρηστῆς</em></strong></span> <span class='ocrx_word' id='word_1_215' title='bbox 352 3237 485 3309; x_wconf 86' lang='grc' dir='ltr'><strong><em>γυναικὸς</em></strong></span> <span class='ocrx_word' id='word_1_216' title='bbox 504 3254 527 3295; x_wconf 84' lang='grc' dir='ltr'><strong><em>ο.</em></strong></span> <span class='ocrx_word' id='word_1_217' title='bbox 546 3236 691 3305; x_wconf 80' lang='lat' dir='ltr'>Kiessling</span> <span class='ocrx_word' id='word_1_218' title='bbox 766 3241 799 3289; x_wconf 86' lang='lat'><strong><em>13</em></strong></span> <span class='ocrx_word' id='word_1_219' title='bbox 819 3230 937 3306; x_wconf 85' lang='grc' dir='ltr'><strong><em>ἐξαγαγ.</em></strong></span> <span class='ocrx_word' id='word_1_220' title='bbox 956 3238 989 3289; x_wconf 77' lang='lat' dir='ltr'><strong><em>ut</em></strong></span> <span class='ocrx_word' id='word_1_221' title='bbox 1008 3235 1122 3291; x_wconf 74' lang='lat' dir='ltr'>videtur</span> 
     </span>
     <span class='ocr_line' id='line_1_28' title="bbox 107 3304 1121 3383; baseline -0.007 -16"><span class='ocrx_word' id='word_1_222' title='bbox 107 3329 132 3367; x_wconf 82' lang='grc' dir='ltr'><strong><em>ει</em></strong></span> <span class='ocrx_word' id='word_1_223' title='bbox 150 3310 197 3365; x_wconf 72' lang='lat' dir='ltr'><strong><em>Ba</em></strong></span> <span class='ocrx_word' id='word_1_224' title='bbox 288 3319 321 3368; x_wconf 88' lang='lat'><strong><em>18</em></strong></span> <span class='ocrx_word' id='word_1_225' title='bbox 344 3306 612 3383; x_wconf 81' lang='grc' dir='ltr'><strong><em>παρ&lt;αι&gt;νέσειςΒ</em></strong></span> <span class='ocrx_word' id='word_1_226' title='bbox 707 3311 741 3361; x_wconf 79' lang='lat'><strong><em>21</em></strong></span> <span class='ocrx_word' id='word_1_227' title='bbox 763 3304 848 3376; x_wconf 78' lang='grc' dir='ltr'><strong><em>ἥγητο</em></strong></span> <span class='ocrx_word' id='word_1_228' title='bbox 872 3307 919 3360; x_wconf 78' lang='lat' dir='ltr'><strong><em>Ba</em></strong></span> <span class='ocrx_word' id='word_1_229' title='bbox 1012 3313 1044 3362; x_wconf 70' lang='lat'><strong><em>17</em></strong></span> <span class='ocrx_word' id='word_1_230' title='bbox 1065 3307 1121 3361; x_wconf 82' lang='grc' dir='ltr'><strong><em>ἀπὸ</em></strong></span> 
     </span>
     <span class='ocr_line' id='line_1_29' title="bbox 103 3375 1123 3525; baseline -0.006 -87"><span class='ocrx_word' id='word_1_231' title='bbox 103 3381 271 3525; x_wconf 51' lang='grc' dir='ltr'><strong><em>ἓελὲῖθοοεδ</em></strong></span> <span class='ocrx_word' id='word_1_232' title='bbox 288 3382 354 3439; x_wconf 83' lang='lat' dir='ltr'>0bs,</span> <span class='ocrx_word' id='word_1_233' title='bbox 372 3400 398 3452; x_wconf 88' lang='lat' dir='ltr'><strong><em>p.</em></strong></span> <span class='ocrx_word' id='word_1_234' title='bbox 419 3386 452 3436; x_wconf 82' lang='lat'><strong><em>83</em></strong></span> <span class='ocrx_word' id='word_1_235' title='bbox 526 3387 560 3436; x_wconf 79' lang='lat'><strong><em>24</em></strong></span> <span class='ocrx_word' id='word_1_236' title='bbox 579 3375 607 3435; x_wconf 86' lang='grc' dir='ltr'><strong><em>δ’</em></strong></span> <span class='ocrx_word' id='word_1_237' title='bbox 625 3396 678 3435; x_wconf 88' lang='lat' dir='ltr'><strong><em>om.</em></strong></span> <span class='ocrx_word' id='word_1_238' title='bbox 698 3377 721 3430; x_wconf 91' lang='grc' dir='ltr'>Β</span> <span class='ocrx_word' id='word_1_239' title='bbox 750 3377 826 3446; x_wconf 87' lang='lat' dir='ltr'>quod</span> <span class='ocrx_word' id='word_1_240' title='bbox 848 3379 950 3447; x_wconf 79' lang='lat' dir='ltr'><strong>probat</strong></span> <span class='ocrx_word' id='word_1_241' title='bbox 972 3377 1123 3433; x_wconf 79' lang='lat' dir='ltr'>Baumann</span> 
     </span>
    </p>
   </div>
   <div class='ocr_carea' id='block_1_3' title="bbox 0 0 1216 3840">
    <p class='ocr_par' dir='ltr' id='par_1_3' title="bbox 0 0 1216 3840">
     <span class='ocr_line' id='line_1_30' title="bbox 0 0 1216 3840; baseline 0 0"><span class='ocrx_word' id='word_1_242' title='bbox 0 0 1216 3840; x_wconf 95' lang='lat' dir='ltr'><strong><em> </em></strong></span> 
     </span>
    </p>
   </div>
  </div>
 </body>
</html>
