2414 3840
124 172 191 238 300
546 173 706 224 -ς-

124 357 197 410 νοις
230 332 474 417 ἀποκριναμένη
507 335 683 417 ψηφίζεται
715 334 775 398 τὸν
807 328 880 398 κατ’
913 333 1141 402 Οὐολούσκων

123 440 279 525 πόλεμον.

191 544 311 611 XXVI.
335 542 408 608 Ἔτι
438 541 470 608 δ’
494 544 594 626 αὐτῆς
622 543 658 609 ἐν
680 552 725 633 τῷ
750 548 978 634 βουλευτηρίῳ
1001 552 1107 628 καθεζ
1128 589 1143 599 -

126 650 227 735 μένης
249 648 305 715 καὶ
327 651 415 727 τίνες
438 644 505 715 εἷεν
530 650 688 735 δυνάμεις
709 652 767 727 τάς
789 649 1043 738 ἐξελευσομένας
1064 666 1203 720 axo-109·

98 759 263 840 επούσης,
283 758 329 834 είς
348 757 410 838 τήν
429 756 556 840 άγοράν
576 756 661 840 άνήρ
675 759 898 844 πρεσβύτερος
913 758 1020 843 ἐφάνη
1041 760 1144 845 ῥάκος

125 861 359 950 ἠμφιεσμένος,
378 863 523 946 πώγωνα
537 866 651 946 βαθὺν
665 864 830 940 καθεικὼς
849 862 904 929 καὶ
922 869 1029 950 κόμην
1049 870 1143 950 βοῶν

125 969 180 1038 καὶ
204 970 462 1054 ἐπικαλούμενος
479 971 541 1052 τήν
560 967 593 1046 ἐξ
613 968 804 1055 ἀνθρώπων
823 969 1026 1055 ἐπικουρίαν.
1062 989 1144 1038 συν-

42 1072 44 1075 ’
127 1081 312 1166 δραμόντος
343 1073 380 1140 δὲ
406 1084 468 1140 τοῦ
496 1077 638 1158 πλησίον
666 1077 769 1159 ὄχλου
793 1076 885 1158 στάς,
914 1077 998 1142 ὅθεν
1026 1081 1144 1163 ἔμελλε

125 1190 261 1261 πολλοῖς
279 1181 470 1266 καταφανής
488 1183 635 1265 ἔσεσθαι,
656 1184 731 1265 ἐφη,
752 1182 935 1266 Γεννηθεὶς
951 1183 1143 1269 ἐλεύθερος,

88 1316 113 1356 ιο
128 1288 385 1375 ἐστρατευμένος
416 1289 474 1364 τάς
510 1286 547 1352 ἐν
578 1287 690 1375 ἠλικίηι
727 1292 915 1373 στρατείας,
951 1288 1007 1355 καὶ
1046 1293 1144 1357 δυεῖν

127 1396 268 1472 δεούσας
294 1395 471 1480 τριάκοντα
495 1394 600 1479 μάχας
623 1393 885 1479 ἀγωνισάμενος,
914 1394 968 1461 καὶ
992 1396 1144 1481 ἀριστεῖα

125 1502 284 1579 πολλάκις
311 1501 457 1585 εἰληφὼς
485 1499 521 1566 ἐκ
547 1510 615 1565 τῶν
642 1499 812 1586 πολέμων,
844 1501 956 1586 ἐπειδὴ
979 1502 1144 1588 κατέσχον

127 1609 162 1673 oc
191 1609 252 1691 τήν
284 1610 383 1672 πόλιν
416 1608 464 1683 είς
495 1608 553 1683 τάς
585 1606 722 1691 ἐσχάτας
753 1608 891 1690 άγοντες
920 1614 1144 1694 στενοχωρίας

126 1715 253 1798 καιροί,
282 1711 378 1799 χρέος
400 1712 619 1796 ἠναγκάσθην
642 1715 758 1795 λαβεῖν
781 1711 878 1778 ἕνεκα
900 1722 961 1779 τοῦ
986 1716 1144 1781 διαλῦσαι

87 1844 113 1884 15
127 1822 185 1897 τάς
217 1817 493 1903 εἰσπραττομένας
525 1819 698 1902 εἰσφοράς,
726 1817 771 1894 ὡς
797 1819 834 1883 τὸ
863 1816 924 1904 μὲν
951 1824 1076 1904 χωρίον
1111 1822 1147 1887 οί

127 1926 279 2011 πολέμιοι
305 1923 528 2009 κατέδραμον,
558 1924 599 1988 τά
627 1921 664 1989 δὲ
691 1926 775 1990 κατὰ
801 1927 900 1990 πόλιν
923 1926 961 1991 αί
981 1929 1144 1993 σιτοδεῖαι

127 2031 377 2114 κατανάλωσαν,
397 2031 480 2095 ὅθεν
499 2031 695 2114 διαλύσαιμί
710 2054 775 2114 μου
793 2032 831 2095 τὸ
850 2029 946 2116 χρέος
964 2032 1026 2097 οὐκ
1045 2036 1142 2118 ἔχων,

128 2139 285 2222 ἀπήχθην
308 2138 430 2212 δοῦλος
447 2137 512 2201 ὑπὸ
531 2146 592 2200 τοῦ
612 2138 789 2201 δανειστοῦ
808 2140 871 2202 σὺν
890 2148 960 2215 τοῖς
977 2138 1065 2217 υίοῖς
1086 2142 1142 2205 δυ-

129 2248 196 2310 σίν·
234 2242 464 2319 ἐπιτάττοντος
496 2238 533 2308 δέ
565 2252 626 2307 τοῦ
659 2245 823 2309 δεσπότου
850 2255 918 2308 τῶν
946 2244 987 2309 οὐ
1014 2244 1142 2330 ῥᾳδίων

90 2375 116 2416 νο
130 2353 230 2435 ἐργον
252 2372 284 2414 τι
307 2349 471 2415 ἀντειπὼν
495 2350 584 2437 αὐτῷ
607 2351 733 2433 πληγάς
755 2351 877 2432 ἔλαβον
900 2349 1030 2434 μάστιξι
1053 2352 1143 2416 πάνυ

93 2457 263 2532 2πολλάς.
304 2453 395 2520 ταῦτ’
418 2455 521 2520 είπδον
544 2454 690 2540 ἐρρίπτει
712 2456 748 2520 τὸ
771 2454 891 2540 ῥάκιον
913 2453 968 2521 καὶ
992 2456 1143 2523 ἐδείκνυε

127 2565 164 2628 τὸ
189 2568 314 2645 στήθος
337 2563 458 2646 μεστὸν
481 2560 690 2645 τραυμάτων,
713 2563 754 2626 τά
778 2558 815 2627 δὲ
837 2572 927 2627 νῶτα
950 2563 1089 2647 αἵματος
1107 2564 1203 2630 ἐκ110·

129 2679 196 2734 τῶν
228 2672 365 2751 πληγῶν
397 2667 559 2733 άνάπλεω.
605 2677 751 2752 κραυγῆς
783 2664 820 2734 δέ
849 2666 904 2733 καὶ
932 2670 1079 2755 οίμωγής
1107 2671 1142 2736 ἐκ

129 2785 196 2840 τῶν
219 2776 395 2858 παρόντων
412 2771 592 2859 γινομένης
609 2775 630 2858 ἠ
648 2797 684 2840 τε
702 2776 807 2859 βουλή
828 2776 968 2859 διελύθη
987 2775 1145 2842 καὶκατὰ

201 2936 218 2983 4
237 2932 316 2993 τίνας
334 2927 409 2986 εἶναι
427 2930 562 3001 δυνάμεις
579 2931 630 2994 τδις
649 2927 862 3001 ἐξελευσομένας
882 2932 904 2986 0
931 2934 1006 2995 τίνες
1020 2930 1078 2988 εἷεν
1094 2936 1144 2988 δν-

129 3001 228 3071 νάμεις
245 3001 295 3064 τὰς
314 2997 352 3066 ἐξ.
371 3003 473 3056 Portus
509 3002 561 3072 χρὴ
580 3003 627 3057 vel
644 3004 693 3057 δεῖ
707 3005 773 3056 καῖε
792 3000 867 3058 εἶναι
885 3002 1023 3058 excidisse
1042 3021 1064 3058 ο,
1082 3005 1144 3075 Syl-

130 3074 203 3142 burg
284 3071 576 3142 9καταφανήόεσθαι
593 3075 618 3127 Α
700 3079 734 3126 10
754 3073 883 3143 στρατιάς
900 3073 1033 3137 πάσαςΒ
1113 3083 1143 3130 11

129 3142 319 3214 ἠγωνισμένος
337 3159 360 3198 ο.
379 3143 503 3196 Reudler
521 3143 611 3197 Τίτου.
630 3163 657 3214 p.
672 3149 707 3198 46
772 3151 804 3199 13
825 3147 1008 3215 στενοχωρίας
1027 3145 1145 3216 α”γοντες

129 3216 152 3268 Β
240 3221 273 3268 14
292 3213 528 3282 άναγκασθελςΟ
564 3213 752 3285 ἠναγκάσθην
772 3232 794 3269 ο.
814 3214 918 3270 Reiske
1005 3222 1038 3270 17
1058 3218 1143 3272 *δια-

130 3288 211 3342 λύσαι
230 3305 284 3355 μου
302 3284 328 3337 Α
365 3286 500 3339 διαλῦσαί
514 3287 605 3354 μουΒ
642 3285 808 3356 διαλύσαιμί
823 3306 876 3356 μου
896 3303 949 3356 ego
1004 3293 1039 3341 20
1055 3286 1145 3358 ἔργων

130 3356 271 3413 ἀντειπὼν
289 3355 372 3408 ABD
401 3354 488 3426 ἔργων
507 3376 534 3410 τι
553 3355 579 3409 ά.
599 3357 624 3409 R
652 3354 734 3428 ἔργον
752 3377 779 3411 τι
798 3357 823 3412 ά.
844 3355 933 3411 Cobet
947 3357 1012 3411 Obs.
1027 3376 1055 3427 p.
1073 3360 1142 3431 116!

123 3430 227 3500 λαβεῖν
242 3424 324 3481 ABG
359 3427 453 3500 λαβὼν
470 3426 524 3479 ΒΕ
562 3425 662 3499 έλαβον
681 3445 704 3483 ο.
723 3427 827 3483 Βσίελεο
899 3434 932 3483 21
953 3423 1109 3483 ἐδείκννΒ
