2414 3840
94 171 159 238 202
521 176 686 226 -Ε-

90 333 252 422 Ἀγρίππα
274 338 450 417 Μενηνίου
473 343 534 401 τοῦ
557 334 739 421 λεγομένου
762 339 922 405 Λανάτου
944 340 1041 424 τρίτη
1065 340 1114 422 γί-

94 466 186 509 νεται
209 446 369 527 Σαβίνων
398 443 532 526 εἰσβολή
561 445 687 526 μείζονι
713 453 869 532 στρατιᾷ,
892 443 975 531 πρὶν
998 443 1125 512 αίσθέῦ

95 557 177 615 σθαι
208 545 389 633 Ῥωμαίους
426 549 537 614 αὐτῶν
569 550 631 633 τήν
663 549 796 635 ἔξοδον,
833 549 890 616 καὶ
922 551 1021 638 μέχρι
1052 560 1110 618 τοῦ

92 660 221 741 τείχους
248 663 307 739 τῆς
328 653 454 742 Ῥώμης
481 658 605 732 ἔλασις·
637 655 674 722 έν
701 645 723 742 ᾖ
749 661 856 735 πολὺς
883 657 1016 743 ἐγένετο
1035 654 1110 724 Ῥω-

66 765 201 848 ιμαίων
225 765 331 848 φόνος
354 763 396 830 οὐ
414 766 606 849 μόνοντῶν
624 775 794 850 γεωργῶν,
817 757 868 842 οἷς
888 763 991 830 οὐδὲν
1009 781 1109 851 προσ·

94 869 285 957 δεχομένοις
313 872 491 954 αἰφνιδίως
518 869 635 955 ἐπέστη
664 871 701 935 τὸ
732 872 862 955 δεινόν,
891 869 973 958 πρὶν
1002 873 1050 950 είς
1070 873 1107 938 τά

92 979 240 1064 φρούρια
267 980 308 1044 τά
335 981 479 1062 πλησίον
507 975 666 1055 ἑκάστους
692 989 914 1062 καταφυγεῖν,
944 978 1029 1045 ἀλλὰ
1056 977 1126 1045 καὶ

57 1085 161 1151 θεῶν
179 1087 261 1151 κατὰ
278 1088 377 1151 πόλιν
395 1092 575 1169 τηνικαῦτα
595 1086 845 1171 διατριβόντων.
878 1085 897 1151 δ
916 1087 980 1172 γὰρ
1000 1085 1126 1173 ἕτερος

92 1202 160 1256 τῶν
187 1192 323 1256 ὑπάτων
346 1193 536 1275 Ποστόμιος
563 1191 625 1256 οὐκ
648 1186 901 1276 άνεκτήνείναι
923 1193 989 1276 τήν
1010 1194 1126 1278 ῦβριι-

57 1308 160 1363 τοτών
196 1300 364 1382 πολεμίων
395 1297 605 1383 ἡγησάμενος
637 1297 809 1383 ἐξεβοήθει
841 1300 925 1365 κατά
957 1302 1126 1384 σπουδήν-

92 1407 171 1480 τοὺς
205 1404 485 1490 ἐπιτυγχάνοντας
517 1406 608 1489 άγων
638 1407 897 1492 προχειρότερον
930 1413 1059 1491 μᾶλλον
1087 1407 1126 1491 ἰΞ

93 1512 355 1597 φρονιμώτερον.
402 1511 462 1590 οῦς
499 1513 627 1589 ίδόντες
664 1512 699 1577 οί
725 1515 871 1596 Σαβῖνοι
908 1516 974 1579 σὺν
1006 1519 1126 1600 πολλγῗ

91 1621 339 1707 καταφρονήσει
361 1626 553 1704 χωροῦντας
576 1616 630 1684 έπδ
650 1627 739 1704 σφᾶς
757 1618 986 1698 ἀσυντάκτους
1002 1644 1040 1686 τε
1057 1614 1126 1687 καί

94 1724 356 1810 διεσπασμένους
389 1721 445 1789 ἀπ’
471 1724 639 1809 ἀλλήλων,
672 1728 721 1791 έτι
748 1730 876 1809 μᾶλλον
903 1726 1048 1812 αὐξῆσαι
1073 1730 1126 1795 v&

58 1851 83 1892 re
92 1840 329 1918 καταφρονοῦν
352 1831 463 1896 αὐτῶν
486 1834 687 1916 βουλόμενοι
709 1838 837 1898 θᾶττον
859 1831 880 1916 ή
904 1833 1016 1918 βάδην
1039 1835 1126 1901 άνε-

92 1941 226 2026 χώρουν
258 1940 303 2015 ὡς
335 1939 376 2022 δή
409 1939 592 2024 φεύγοντες
624 1938 745 2022 ὀπίσω,
776 1937 858 2017 τέως
885 1941 933 2017 είς
963 1942 1126 2028 δρυμοδςε

94 2046 256 2133 ἀφίκοντο
284 2049 417 2130 βαθεῖς,
446 2047 531 2110 ἔνθα
555 2044 573 2110 ὁ
597 2047 713 2123 λοιπὸς
736 2045 846 2111 αὐτῶν
870 2051 1013 2134 στρατὸς
1036 2050 1126 2116 ὑπε·

92 2154 234 2237 κάθητο·
254 2138 374 2218 Ιἔπειθ’
393 2150 662 2237 ὑποστρέψαντες
679 2151 829 2238 έχώρουν
843 2164 914 2231 τοῖς
929 2155 1126 2223 διώκουσιν

93 2261 205 2347 ὁμόσε,
229 2257 284 2326 καὶ
309 2260 344 2325 οί
365 2257 400 2324 έκ
422 2267 483 2324 τοῦ
507 2260 637 2344 δρυμοῦ
661 2256 744 2343 μέγα
765 2259 989 2340 ἀλαλάξαντες
1008 2263 1126 2330 λενταιέ

57 2342 143 2470 23οέπ’
165 2367 295 2445 αὐτοῦς.
333 2366 550 2442 ἀσυντάκτοις
573 2360 603 2430 δ’
626 2365 819 2451 ἀνθρώποις
841 2365 898 2433 καὶ
914 2368 1126 2456 τεταραγμέ-

93 2500 166 2553 νοις
188 2473 244 2541 καί
265 2475 332 2540 ὑπὸ
356 2482 417 2540 τοῦ
436 2475 564 2559 δρόμου
583 2473 863 2558 συγκεκομμένοις
880 2475 922 2540 τά
939 2479 1126 2562 πνεόματαῑ

93 2580 212 2648 πολλοὶ
239 2579 295 2646 καὶ
323 2584 387 2646 σὺν
414 2582 527 2666 κόσμῳ
556 2578 768 2663 ἐπελθόντες,
799 2581 1057 2663 καταβάλλουσί
1079 2606 1126 2650 w:

93 2691 172 2763 τοὺς
204 2688 304 2772 ὁμόσε
337 2694 528 2772 χωροῦντας
558 2683 614 2751 καὶ
645 2687 725 2763 τοὺς
756 2690 896 2765 λοιποὺς
923 2690 972 2766 εἰς
1000 2693 1126 2776 φυγήν

94 2793 303 2878 ὁρμήσαντας
326 2793 567 2878 ὑποτεμόμενοι
589 2794 647 2869 τδις
670 2794 717 2869 είς
739 2794 801 2876 τήν
824 2797 924 2860 πόλιν
942 2799 1126 2882 φεροόσαςτ

57 2901 196 2977 νεὸδοῦς
232 2901 279 2976 είς
310 2899 445 2984 ὀρεινήν
477 2923 553 2987 τινα
584 2902 815 2966 κατακλείουσι
847 2901 946 2987 ῥάχιν
979 2905 1126 2990 ἔρημον.

92 3005 232 3091 θέμενοι
265 3003 301 3071 δὲ
334 3009 476 3091 πλησίον
509 3007 620 3073 αὐτῶν
651 3007 692 3071 τδ
725 3007 822 3072 ὅπλα·
860 3007 921 3087 νὺξ
949 3011 1015 3097 γὰρ
1047 3012 1126 3096 ήδηη

168 3171 250 3220 1τοῦ
234 3168 330 3235 υλεγο
354 3161 419 3220 ένου
433 3164 458 3216 Α
489 3173 539 3221 τοῦ
558 3162 735 3255 καλουμένου
748 3165 774 3218 R
828 3163 1011 3234 3έφοδονο,
1027 3168 1126 3223 (δεκε-

94 3238 195 3306 berger
219 3238 296 3291 Tese.
348 3234 436 3304 erbip.
455 3254 482 3306 p.
502 3243 537 3292 26
628 3242 643 3290 8
668 3235 742 3291 κατὰ
764 3235 797 3306 τὴ
800 3257 816 3291 ν
780 3235 922 3306 ὴπόλιν
945 3254 969 3294 ο.
989 3239 1126 3310 Sylburffl

95 3315 128 3363 14
147 3307 199 3364 ἀπ
221 3308 317 3363 om.0
363 3308 496 3361 raeterB
580 3304 822 3379 ῙόέχρώουνΒκ
904 3314 938 3364 16
956 3307 987 3365 τὲ
1010 3311 1126 3374 egssu

95 3380 241 3445 έωςΑΒο
261 3396 330 3434 corr.
378 3377 494 3448 eseling
582 3386 614 3433 17
634 3328 720 3452 <δ>ρ“
711 3395 814 3435 mres.
834 3379 882 3433 Bb
970 3387 1003 3437 19
1023 3380 1096 3438 είεντ

93 3452 140 3506 Be
177 3455 267 3507 λἐντοιι
285 3450 333 3505 Bb
370 3452 445 3506 ἵεντο
463 3450 490 3504 R
566 3456 599 3504 22
617 3454 710 3504 πολλῶ
730 3451 782 3506 οῦν
800 3449 895 3526 κόσμῳ
914 3451 937 3508 O
955 3454 1070 3522 praebet
1085 3447 1126 3506 Ε
