2414 3840
501 191 666 240 „E-

72 332 112 403 εὖ
144 360 263 416 ποιεῖν.
309 351 428 436 όίριστα
457 346 493 414 θέ
515 358 614 414 τοῦτο
636 345 693 414 καὶ
715 348 894 431 γινώσκειν
916 346 972 414 καὶ
995 350 1126 431 ποιή-2

71 459 155 516 σειν
177 459 278 541 ἔφησε
300 459 380 534 τοὺς
403 457 672 541 συμβεβληκότας
694 451 885 532 αὐτοῖςκαὶ
907 457 1093 540 βοηθήσειν

69 551 191 628 αὐτῶν
212 575 284 641 ταῖς
302 564 417 648 τύχαις
435 562 557 639 αὐτοὺς
575 562 724 638 ἐκείνους
742 561 803 627 οὐκ
822 561 1093 646 ἀναγκασθέντας

66 653 139 743 ὑφ’
164 667 293 755 ἑτέρων,
317 665 389 735 ἀλλ’
411 667 556 751 ἑκόντας,
581 663 626 734 ἵν’
648 668 761 745 αὐτοῖς
779 667 800 751 ή
819 668 914 754 χάρις
932 665 1007 733 ἀντὶ
1024 678 1093 733 τῶν

68 776 256 859 χρημάτων
287 776 392 841 καλὸν
426 774 591 859 ὀφείλημα
618 781 724 859 περιῇ.
770 775 889 858 κοινήν
918 771 955 839 δὲ
982 785 1120 840 ποιεῖνε

24 871 141 954 [Μὴν
164 884 327 966 βοήθειαν
350 883 484 964 όίπασιυ,
506 875 546 964 ής
568 878 602 958 ἐξ
625 885 701 946 ίσον
720 878 920 965 μεθέξουσιν
940 879 975 945 oc
989 903 1092 964 πονη-

67 977 132 1054 (202
155 999 225 1066 τοῖς
247 999 416 1074 χρηστοῖς,
440 985 495 1052 καὶ
519 987 562 1070 μή
587 986 712 1052 ἐκτῶν
736 988 848 1068 ἰδίων,
872 980 943 1052 ἀλλ’
965 986 1002 1051 ἐκ
1024 996 1092 1051 τῶν

66 1075 264 1180 ἀἐλοτρίοιν
285 1095 379 1171 τινὰς
401 1089 440 1159 εὖ
462 1104 586 1176 ποιεῖν,
609 1091 664 1158 καὶ
688 1087 736 1158 ὧν
757 1095 798 1158 τὰ
821 1094 970 1178 χρήματα
993 1092 1092 1177 ἀφαι-

65 1203 228 1285 vovum,
250 1201 384 1278 τούτοις
405 1196 490 1286 μηδὲ
511 1201 569 1277 τὰς
591 1196 675 1285 ὑπὲρ
693 1210 761 1265 τῶν
780 1200 979 1286 εὐεργεσιῶν
996 1222 1091 1265 κατα-

63 1292 187 1372 λιπεῖν
211 1307 360 1393 χοίριτας,
387 1307 504 1391 ήκιστα
527 1315 566 1392 τῷ
584 1301 755 1390 Ῥωμαίων
778 1307 877 1393 ἀρετή
900 1309 1091 1393 προσήκειν.
1105 1325 1132 1364 1⁰

62 1394 161 1498 ὑπὲρ
189 1414 320 1479 ἅπαντα
348 1410 385 1479 δὲ
411 1422 514 1478 ταῦτα
537 1410 593 1478 καὶ
615 1407 733 1496 τᾶλλα,
762 1415 875 1480 δεινόν
897 1437 930 1479 τι
952 1412 1007 1479 καὶ
1031 1413 1127 1479 οὐκθ

62 1500 217 1586 ἂνεκτὸυ
235 1515 323 1586 είναι
337 1514 509 1604 Ῥωμαίοις
526 1528 584 1604 τῆς
600 1518 779 1604 ἡγεμονίας
793 1519 1092 1604 ἀντιποιουμένοις,

63 1605 118 1692 ἣν
149 1627 206 1692 διὰ
232 1631 367 1692 πολλῶν
393 1629 508 1692 πόνων
537 1625 573 1692 οί
596 1625 734 1710 πατέρες
757 1625 868 1691 αὐτῶν
890 1626 1093 1710 κτησόμενοι

64 1735 146 1806 τοῖς
178 1731 330 1815 ἐκγόνοις
360 1730 553 1815 κατέλιπον,
591 1733 635 1817 μή
667 1733 749 1796 κατόι
780 1733 976 1817 προαίρεσιν
1008 1728 1092 1816 μηδὲ

65 1836 278 1915 πεισθέντας
300 1831 378 1923 μηδ’
400 1837 437 1903 έν
460 1828 486 1924 ῷ
510 1846 656 1923 προσῆκε
678 1843 782 1924 καιρῷ
806 1837 847 1901 τὰ
865 1835 1017 1919 βέλτιστα
1035 1834 1092 1902 καὶ
1106 1854 1132 1896 ιε

66 1941 122 2018 ¹93
142 1951 246 2032 κοινῷ
265 1943 481 2029 συμφέροντα
499 1944 666 2030 πράττειν,
686 1940 891 2029 ἀλλίὥσπερ
911 1941 1093 2021 ἑαλωκυίας

68 2045 135 2122 τῆς
161 2052 290 2128 πόλεως
317 2049 337 2134 ἢ
360 2051 602 2136 προσδοκώσης
624 2059 722 2115 τοῦτο
745 2053 922 2115 πείσεσθαι
944 2051 1033 2135 παρὰ
1055 2051 1093 2114 τὸ

72 2138 206 2222 δοκοῦν
236 2154 367 2234 ἑαυτοῖς
395 2158 567 2242 πράττειν,
596 2157 629 2236 ἐξ
658 2152 706 2222 ὧν
729 2156 893 2241 ὠφέλειαν
915 2152 977 2242 μέν
1000 2156 1095 2222 οὐθε-

74 2256 162 2328 μίαν
185 2261 207 2346 ή
231 2263 353 2348 μικράν
379 2287 456 2328 τινα
478 2265 599 2349 κομιδῇ
623 2265 802 2347 λήήιονται,
830 2274 942 2329 κακῶν
965 2259 1003 2327 δὲ
1024 2286 1095 2328 mv-

24 2352 290 2434 *¹1⁶vve1500voa
307 2371 348 2434 τὰ
366 2373 485 2455 ἔσχατα
503 2377 636 2435 παθεῖν.
669 2377 782 2457 μακρῷ
801 2371 865 2454 γὰρ
883 2369 996 2446 αὐτοῖς
1009 2352 1137 2467 είναιξχ

73 2477 233 2548 κρεῖττον
256 2474 278 2540 ἃ
299 2478 474 2542 κελεύουσι
492 2481 634 2561 Λατῖνοι
655 2478 812 2563 πράττειν
833 2477 877 2554 ὡς
896 2477 1096 2562 μετριώτερα

75 2562 166 2654 ὄντα
187 2579 245 2647 καλ
267 2576 344 2667 μηδ’
366 2585 413 2660 είς
435 2594 553 2669 πεῖραν
577 2583 690 2649 έλθεῖν
712 2582 874 2668 πολέμου,
899 2582 920 2667 ή
944 2595 1013 2662 τοῖς
1035 2609 1096 2670 μη-

76 2671 172 2772 ὃθῑμή
195 2686 300 2774 μηδὲν
318 2692 493 2775 χρησίμοις
511 2692 790 2775 συγχωρήσαντας
808 2689 829 2754 ἃ
846 2694 1096 2775 παρακαλοῦσιν

79 2776 218 2860 ἀνελεῖν
240 2797 302 2880 τήν
320 2799 432 2861 πίστιν
450 2796 486 2861 ἐκ
504 2805 562 2880 τῆς
579 2799 716 2880 πόλεως,
738 2797 782 2880 ἣν
801 2798 894 2883 λεροῦ
911 2805 1096 2885 κατασκευῇ

146 2945 239 3024 1καλ
261 2972 328 3024 ουλε
350 2969 498 3040 γινώσκειν
523 2969 577 3026 del.
596 2968 700 3024 Reiske
737 2969 786 3024 καὶ
808 2971 875 3024 ante
897 2971 1044 3040 γινώσκειν
1066 2975 1096 3028 ελ

78 3033 168 3092 Verba
191 3042 239 3096 καὶ
255 3039 386 3109 ποιήσειν
405 3040 460 3095 del.
479 3040 617 3096 Bficheler
688 3048 704 3095 2
723 3039 879 3114 βοηθήσειν
897 3061 928 3097 τε
945 3042 968 3096 Β
1041 3050 1057 3097 3
1076 3040 1095 3112 ἧ

82 3111 109 3150 ¹⁸
132 3107 249 3181 χάριςΒ
306 3119 337 3167 11
357 3111 413 3166 *τὰ
431 3111 500 3166 όίλλα
520 3112 542 3166 Ο
566 3112 571 3183 Ι
595 3131 622 3166 τι
641 3111 663 3165 Ο
699 3131 730 3167 τε
748 3111 892 3182 Kiessling
912 3115 917 3184 Ι
939 3113 1095 3169 οόανεκτὸν

83 3213 128 3278 B&
166 3203 314 3292 σόοίνεκτόν
331 3236 380 3290 Bb
462 3241 495 3290 13
514 3228 550 3304 ἦν
570 3235 589 3290 ἃ
608 3236 700 3291 διὰΑ
741 3235 847 3305 ηναδιόι
865 3235 913 3290 Ba
952 3234 988 3304 ἣν
1007 3235 1026 3289 ἃ
1045 3235 1094 3290 θιόι

84 3283 131 3346 Bb
158 3319 219 3362 corr.
237 3307 342 3367 Reiske
411 3313 445 3360 14
464 3302 590 3377 ἐκγόνοις
608 3306 684 3361 ABb
722 3302 848 3377 ἐγγόνοις
866 3307 913 3360 Ba
982 3313 1014 3360 19
1033 3325 1095 3360 κιν-

85 3358 229 3433 δυνεύουσι
246 3379 270 3432 Β
325 3385 360 3433 20
379 3380 508 3448 αἴσχιστα
527 3378 550 3432 O
570 3378 604 3432 cf.
624 3378 796 3447 Grasberger
814 3377 893 3430 Τοεε.
911 3376 996 3430 Herb.
1015 3393 1042 3445 p.
1059 3381 1093 3428 13

86 3424 185 3502 ἔσλᾱτα
203 3449 290 3505 Cobet
309 3449 374 3505 Obs.
392 3468 420 3520 p.
436 3455 487 3504 106

878 3535 932 3592 ffi*
