2414 3840
87 158 165 232 ’66
551 173 714 222 -Δ-

125 331 385 416 δυσχεραίνουσί
400 333 461 415 μοί
475 353 573 415 τινες,
597 330 635 397 αί
651 327 681 395 δ’
700 333 747 408 είς
764 332 802 396 τὸ
818 332 999 416 δημοτικὸν
1012 335 1147 417 πλῆθος

125 437 311 523 εὐεργεσίαι
340 443 458 503 λυπεῖν
489 437 575 522 ὑμᾶς
608 439 762 521 δοκοῦσι,
797 435 871 525 περὶ
904 433 953 505 ὧν
983 439 1148 518 πολλάκις

124 543 369 628 ἀπολελόγημαι
392 545 476 630 πρὸς
498 544 592 628 ὑμᾶς.
629 539 703 609 ἀλλ’
725 540 827 609 οὐδὲν
846 545 899 610 δεῖ
914 546 1044 611 τούτων
1064 545 1147 613 νυνὶ

124 661 193 715 τῶν
215 652 340 734 λόγων·
363 653 395 716 εί
417 647 498 734 <δέ>
518 651 612 716 δοκεῖ
627 660 778 736 κρεῖττον
797 651 1057 736 ἐπιμελήσεσθαι
1074 663 1147 720 τῶν

97 767 249 822 τκοινῶν
283 759 469 843 Ταρκύνιος
501 755 617 822 οὑτοσὶ
647 758 688 822 τά
719 757 895 844 πράγματα
926 761 1146 845 παραλαβών,

126 863 167 928 οὐ
195 870 317 948 φθονῶ
345 872 385 950 τῆ
408 866 503 929 πόλει
525 865 696 946 βελτίονος
718 863 895 948 ῆγεμόνος·
933 865 1084 944 ἀποδοὺς
1106 863 1146 933 δὲ

124 972 185 1054 τήν
214 970 319 1057 ἀρχήν
346 977 392 1059 τῷ
417 971 576 1036 δεδωκότι
600 995 657 1055 μοι
680 971 774 1058 δήμῳ
798 968 853 1035 καί
875 974 1056 1057 γενόμενος
1080 975 1146 1039 ίδι-

124 1077 210 1162 ώτης
227 1078 427 1163 πειράσομαι
445 1087 581 1162 ποιῆσαι
599 1085 680 1142 πᾶσι
699 1079 859 1162 φανερόν,
884 1078 935 1143 ότι
952 1076 1008 1144 καί
1026 1080 1146 1166 ἀρχειν

125 1183 300 1268 ἐπίσταμαι
322 1189 431 1260 καλῶς
453 1181 509 1248 καὶ
533 1185 696 1269 ἀρχεσθαι
719 1184 865 1269 δύναμαι
888 1188 1083 1271 σωφρόνως.

87 1313 113 1352 10
193 1289 360 1357 XXXVII.
388 1295 532 1355 Τοιαῦτα
556 1287 744 1375 διαλεχθεὶς
765 1288 820 1356 καὶ
844 1292 891 1368 είς
908 1293 1040 1375 πολλήν
1058 1294 1146 1359 αίδῶ

124 1398 330 1480 καταστήσας
352 1399 431 1473 τοὺς
455 1395 718 1480 συνισταμένους
741 1392 791 1462 ἐπ’
813 1396 902 1485 αὐτῷ
926 1397 1060 1464 διέλυσε
1082 1402 1146 1467 τὸν

126 1503 293 1586 σύλλογον
311 1501 365 1569 καὶ
384 1505 465 1587 μετὰ
483 1511 582 1568 τοῦτο
600 1505 680 1580 τοὺς
695 1506 840 1588 κήρυκας
853 1503 1147 1591 ἀνακαλεσάμενος

126 1609 276 1675 ἐκέλευσε
309 1611 365 1674 διά
396 1610 533 1675 πάντων
561 1619 629 1674 τῶν
661 1620 840 1675 στενωπῶν
873 1610 1057 1690 διεξιόντας
1083 1615 1146 1680 τὸν

90 1718 234 1801 2δῆμον
262 1718 318 1797 είς,
338 1717 514 1801 ἐκκλησίαν
538 1721 726 1799 συγκαλεῖν.
766 1718 1018 1802 συνδραμόντος
1042 1715 1073 1783 δ’
1096 1722 1198 1798 είςῖοο

88 1846 113 1886 τε
127 1825 188 1907 τήν
211 1824 338 1908 ἀγοράν
362 1832 422 1889 τοῦ
444 1825 530 1888 κατάΙ
546 1815 634 1906 [τήν]
654 1824 753 1888 πόλιν
772 1825 873 1908 όχλου
891 1825 1071 1910 προελθὼν
1089 1825 1147 1892 ἐπὶ

124 1932 162 1995 τὸ
195 1935 284 2016 βῆμα
315 1932 446 2016 μακράν
477 1927 533 1994 καὶ
561 1935 720 2013 συμπαθῆ
750 1929 904 2014 διεξῆλθε
932 1931 1147 2019 δημηγορίαν

75 2122 76 2126 ¹
125 2038 183 2114 τάς
210 2062 245 2103 τε
272 2037 450 2121 πολεμικὰς
473 2033 594 2102 ἑαυτοῦ
615 2035 749 2118 πράξεις
772 2034 1074 2123 ἐξαριθμούμενος,
1106 2039 1148 2119 ἀς

130 2147 320 2231 Ταρκυνίου
342 2167 377 2208 τε
402 2146 522 2222 ζῶντος
543 2141 739 2226 διεπράξατο
758 2140 813 2207 καὶ
832 2145 913 2226 μετά
929 2144 992 2226 τήν
1011 2143 1147 2213 ἐκείνου

125 2254 282 2336 τελευτήν
309 2248 364 2317 καὶ
386 2260 454 2316 τῶν
476 2249 725 2332 πολιτευμάτων
747 2246 826 2314 καθ’
849 2250 886 2314 ἓν
909 2248 1052 2316 ἕκαστον
1074 2251 1146 2318 ἐπι-

86 2382 112 2420 20
126 2363 314 2444 λεγόμενος,
339 2357 371 2436 ἐξ
392 2352 439 2422 ὧν
456 2357 580 2433 πολλὰς
598 2353 653 2420 καὶ
672 2356 815 2439 μεγάλας
834 2355 949 2435 ἔδοξεν
967 2357 1147 2442 ἐσχηκέναι

91 2468 163 2533 3τὸ
187 2468 303 2532 κοινὸν
327 2464 497 2548 ὠφελείας.
533 2467 660 2528 πολλοῦ
684 2458 715 2526 δ’
738 2458 791 2546 ἐφ’
814 2460 939 2550 ἑκάστῳ
961 2474 1030 2529 τῶν
1049 2469 1146 2550 λεγο-

127 2571 237 2656 μένων
261 2571 475 2647 ἀπαντῶντος
494 2569 633 2635 ἐπαίνου
651 2566 707 2632 καὶ
724 2567 859 2634 πάντων
878 2571 1030 2654 σπουδήν
1050 2572 1145 2658 ἐχόν-

126 2701 193 2743 των
212 2683 345 2762 μαθεῖν,
364 2679 467 2741 τίνων
486 2675 582 2740 ἕνεκα
595 2684 698 2740 ταῦτα
713 2673 811 2758 λέγει,
829 2680 992 2742 τελευτῶν
1005 2679 1145 2765 ἔφησεν,
1182 2694 1190 2709 ·

128 2785 178 2850 ότι
196 2784 381 2869 Ταρκύνιος
400 2782 503 2847 αὐτὸν
520 2783 664 2847 αἰτιᾶται
680 2782 742 2864 τήν
761 2785 933 2864 βασιλείαν
950 2783 991 2849 οὐ
1006 2785 1145 2863 δικαίως

87 2910 113 2952 ιε
127 2889 277 2976 κατέχειν
309 2888 413 2977 ἑαυτῷ
445 2890 693 2974 προσήκουσαν·
731 2894 922 2954 καταλιπεῖν
954 2891 1017 2977 γάρ
1051 2891 1143 2982 αὐτῷ

127 2999 187 3064 τὸν
214 2998 350 3062 πάππον
377 2995 634 3079 ἀποθνήσκοντα
658 2996 723 3059 σὺν
744 3005 814 3072 τοῖς
836 2997 979 3080 χρήμασι
1001 2994 1058 3062 καὶ
1080 3000 1144 3082 τήν

199 3230 352 3282 λλνποῖισι
370 3245 403 3295 με
422 3225 448 3277 Α
484 3228 582 3278 λυπεῖν
601 3222 675 3293 μεΒ
712 3226 847 3278 λυποῦσιν
865 3223 938 3293 ὑμᾶς
956 3222 1006 3278 OD
1029 3228 1034 3289 Ι
1059 3225 1144 3280 *ἀδί-

128 3298 223 3364 κωςΟ
261 3299 376 3352 δοκοῦσι
394 3312 447 3366 ego
510 3293 574 3350 4εί
590 3293 621 3348 δὲ
641 3297 725 3348 δοκεῖ
739 3310 761 3348 ο.
781 3293 883 3348 Reiske
951 3301 1057 3350 8πῖισι
1075 3297 1142 3353 αδδ,

127 3371 174 3425 Bb
192 3370 223 3424 in
241 3387 294 3424 raa.
351 3373 384 3421 15
403 3366 473 3435 *τῆν
493 3365 515 3421 Ο
534 3365 636 3421 inclusi
652 3368 656 3437 Ι
672 3367 824 3436 παρελθὼν
843 3382 865 3423 ο.
885 3364 986 3420 Garrer
1001 3365 1067 3422 Obs.
1080 3385 1109 3437 p.
1126 3375 1143 3424 8

165 3449 197 3498 16
217 3436 333 3510 ἐμπαθῆ
351 3440 427 3494 idem
446 3437 464 3492 l.
483 3437 502 3492 l.
561 3443 596 3492 24
615 3435 657 3492 ὅτι
675 3436 722 3490 Bb
760 3456 803 3494 ,τι
821 3436 867 3490 Ba
886 3453 939 3492 om.
960 3439 1098 3512 ΑΙαότῷ
1117 3440 1143 3492 Α
