2414 3840
123 171 191 238 212
553 181 718 230 -ω-

123 361 159 405 τε
181 334 237 404 καὶ
261 340 437 418 στασιάζον
460 338 571 404 αὐτῶν
594 339 774 426 ἐπεκράτει,
797 343 856 420 τὰς
876 344 984 421 πύλας
1003 344 1117 424 ἐκκόψι

123 443 179 511 καὶ
204 446 244 510 τδι
260 446 456 530 ’βραχύτατα
478 456 547 510 τῶν
570 445 743 531 ἐρυμάτων
765 447 898 533 κλίμαξι
920 453 1117 538 καταλαβόμι

88 571 183 638 5νος
205 552 288 617 κατὰ
311 551 430 636 κράτος
449 553 578 637 εἰλήφει
600 553 662 636 τῆν
685 555 793 618 πόλιν.
841 553 975 640 ἐκείνην
997 553 1059 642 μέν
1081 553 1117 624 ού

123 659 185 742 τῆν
217 654 344 743 ἡμέραν
376 656 431 723 καὶ
463 659 525 742 τῆν
558 658 720 725 ἐπιοῦσαν
748 661 853 726 νύκτα
881 660 1000 747 φέρειν
1026 686 1063 730 τε
1088 688 1117 730 ιιι

96 767 219 849 οάγειν
247 765 287 830 τδι
313 767 463 852 χρήματα
491 777 561 842 τοϊς
589 764 763 852 σφετέροις
791 767 908 853 ἐφῆκε·
943 778 985 855 τῆ
1014 767 1045 834 δ’
1072 770 1117 851 ἐξῆ

124 879 336 958 συναχθῆναι
358 874 691 958 τούςάίχμαλάτους
714 875 761 950 είς
783 874 821 939 δν
843 879 970 961 χωρίον
987 878 1117 943 κελεύσε

123 980 202 1057 τοὺς
232 976 293 1064 μὲν
324 981 574 1064 βουλεύσαντας
601 981 662 1064 τῆν
690 980 874 1046 ἀπόστασιν
897 983 1045 1061 ἅπαντας
1066 983 1117 1048 άωτ4

123 1109 247 1169 κτεινε,
279 1088 339 1151 τὸν
372 1084 406 1150 δ’
438 1088 542 1151 ἄλλον
570 1088 671 1171 όχλον
701 1085 860 1171 ἀπέδοτο,
891 1090 953 1173 τῆν
982 1086 1019 1154 δέ
1046 1092 1117 1155 πόλι

123 1192 339 1271 κατέσκαψεν.

85 1318 112 1358 ιο
193 1299 229 1365 L.
256 1296 328 1364 Ἐπὶ
348 1296 385 1364 δὲ
403 1307 462 1382 τῆς
481 1296 728 1384 ἑβδομηκοστῆς
745 1299 967 1385 ὀλυμπιάδος,
991 1301 1034 1386 ῆν
1053 1301 1117 1369 ἐνίτ

126 1406 263 1472 στάδιον
286 1404 411 1483 Νικέας
434 1408 566 1492 Λοκρὸς
589 1405 622 1485 ἐξ
642 1403 835 1491 Ὀποῦντος,
864 1408 1026 1493 ἄρχοντος
1046 1403 1117 1473 ’Am

123 1527 203 1597 νησι
217 1513 370 1599 Σμύρου,
394 1513 695 1599 παραλαμβάνουσι
717 1514 779 1596 τῆν
801 1513 931 1579 ύπατον
949 1514 1057 1600 ἀρχὴν
1074 1517 1117 1581 11

124 1637 248 1705 στομος
270 1623 434 1705 Κομίνιος
456 1618 513 1685 καὶ
540 1623 637 1697 Τίτος
659 1621 819 1704 Λάρκιος·
857 1619 911 1706 ἐφ’
934 1616 984 1687 ὧν
1007 1620 1117 1688 άπέστ·

126 1742 190 1792 σαν
226 1727 263 1792 αί
293 1729 450 1793 Λατίνων
486 1729 598 1804 πόλεις
635 1725 699 1792 ἀπὸ
731 1737 789 1812 τῆς
816 1724 990 1812 Ῥωμαίων
1022 1730 1117 1814 φιλίσ

86 1851 111 1893 1⁵
121 1831 315 1899 Ὀκταουΐου
337 1836 514 1918 Μαμιλίου
536 1841 597 1898 τοῦ
618 1833 845 1916 κηδεύσαντος
868 1836 1046 1922 Ταρκυνίῳ
1065 1857 1117 1901 το·

126 1941 410 2025 ἐπιφανεστάτους
432 1937 466 2017 ἐξ
490 1937 628 2023 ἑκάστης
649 1940 791 2023 πόλεως,
817 1941 897 2016 τοὺς
919 1937 983 2024 μὲν
1004 1941 1117 2027 ὑποσχ

126 2065 199 2114 σεσι
219 2048 349 2133 δώρων,
373 2048 452 2122 τοὺς
472 2042 509 2110 δέ
524 2046 658 2130 δεῆσεσι
671 2049 847 2124 πείσαντος
866 2046 1057 2133 συμπρᾶξαι
1072 2070 1117 2113 τω

91 2155 255 2241 2φυγάσι
277 2155 339 2237 τῆν
361 2154 522 2219 κάθοδον.
559 2150 617 2217 καὶ
639 2155 766 2235 γίνεται
788 2154 885 2236 κοινῆ
909 2164 978 2219 τῶν
1001 2170 1117 2238 συναγ

126 2259 237 2346 μένων
259 2261 307 2338 είς
333 2264 535 2346 Φερεντῖνον
558 2256 664 2344 ἀγορὰ
686 2259 774 2341 πλὴν
796 2267 873 2344 μιᾶς
895 2268 954 2344 τῆς
977 2255 1117 2346 Ῥωμαία

78 2387 112 2427 νο
125 2370 265 2444 πόλεως·
304 2367 408 2452 ταύτη
440 2367 504 2451 γάρ
537 2365 599 2430 οὐκ
630 2364 829 2448 ἐπήγγειλαν
861 2369 948 2452 μόνη
979 2377 1117 2454 παρείνι

125 2475 278 2559 καθάπερ
302 2476 480 2540 εἰώθεσαν·
515 2470 552 2536 ἐν
574 2461 596 2557 ᾖ
619 2479 735 2555 ψῆφον
754 2471 904 2556 ἐνεγκεῖν
922 2473 992 2537 ἔδει
1010 2475 1069 2552 τὰς
1086 2494 1117 2541 τι

127 2587 195 2658 λεις
222 2580 298 2667 περὶ
326 2590 387 2647 τού
416 2577 564 2662 πολέμου
587 2575 642 2643 καὶ
665 2579 872 2664 στρατηγούς
894 2576 1117 2658 ἀποδείξαιτε

92 2686 204 2773 3περὶ
226 2699 294 2752 τῶν
317 2689 428 2752 άλλων
452 2685 702 2769 βουλεύσασθαι
724 2694 954 2769 παρασκευῶν.
987 2684 1117 2771 ἐτύγχνι

129 2791 166 2859 δέ
198 2795 280 2859 κατὰ
301 2790 371 2880 ζτὸν
404 2793 529 2878 χρόνον
559 2798 680 2855 τοῦτον
707 2788 953 2873 ἀπεσταλμένος
980 2790 1048 2857 ὑπὸ
1070 2786 1117 2857 ‘1¹

88 2918 115 2958 2⁵
129 2904 238 2988 μαίων
267 2900 470 2987 πρεσβευτὴς
497 2898 638 2984 Μάρκος
663 2893 844 2981 Οὐαλέριος
872 2895 959 2982 ἀνὴρ
989 2897 1117 2963 ὑπατων

130 3010 176 3085 είς
199 3009 257 3084 τὰς
281 3006 425 3092 ὁμόρους
446 3006 559 3080 πόλεις
587 3005 789 3087 δεησόμενος
808 3003 920 3069 αὐτῶν
938 3000 1045 3087 μηδὲν
1061 3026 1114 3069 νε

201 3244 217 3290 2
236 3230 477 3306 καταβαλόμενος]
491 3236 580 3286 καταλ
591 3273 596 3286 .
609 3274 615 3286 .
626 3251 689 3293 ενος
702 3231 748 3284 Bb
776 3230 1004 3304 καταλαβόμενος
1022 3231 1069 3284 Ba

130 3308 257 3369 Νικαίας
274 3306 300 3359 Α
328 3304 362 3360 of.
386 3304 508 3373 Rutgers
532 3304 569 3356 ad
592 3302 643 3357 Iul.
663 3301 747 3356 Afric.
772 3298 968 3372 Ὀλυμπιάδων
991 3303 1117 3371 ἀναγρσ

129 3395 157 3445 p.
178 3387 211 3434 29
305 3382 336 3429 12
361 3375 529 3446 ποστούμιος
551 3374 577 3427 Α
622 3373 812 3444 ποστόμιοςΒ
855 3371 994 3446 πόστομος
1011 3372 1117 3441 Sigon

59 3470 110 3616 κ
132 3453 166 3502 15
185 3451 285 3521 μαλίου
304 3448 326 3500 Β
