2414 3840
93 181 138 244 54
521 185 685 232 -Δ-

92 344 249 430 κράτιστα
276 345 457 427 πεφυκόσι,
484 340 540 407 καὶ
568 343 680 427 μορφὴ
709 350 771 409 τοῦ
794 345 966 426 βασιλείου
988 342 1113 427 γένους

94 449 177 529 ἀξία.
214 449 235 533 ἢ
258 450 387 515 τούτοιν
410 445 471 533 μὲν
495 448 686 534 οὐδέτερον,
709 449 730 532 ἡ
755 446 788 514 δ’
815 448 964 533 ἀσθενὴς
987 451 1037 515 ἔτι
1054 447 1114 515 καλ

92 558 179 630 πολὺ
211 554 379 641 ἀπέχουσα
411 564 471 621 τοῦ
503 563 645 644 φρονεῖν
676 555 717 619 τά
748 557 960 641 προσήκοντα
992 559 1115 641 νεότης

94 660 247 746 μεθέλκει
275 678 328 745 σε,
357 660 400 727 δι’
422 662 466 746 ἣν
494 661 555 728 οὐκ
579 662 683 742 ἀξιοῖς
704 662 745 726 τά
767 663 919 728 πολιτικά
941 663 1113 749 πράττειν,

58 768 131 845 εὸς
168 767 209 832 ού
240 773 376 846 πολλοῖς
407 768 543 845 ἀποδεῖς
578 769 665 834 ἔτεσι
695 767 976 854 πεντηκονταέτης
1007 763 1113 849 είναι;

93 875 250 960 κράτιστα
274 873 306 940 δ’
335 876 512 962 ἅνθρωποι
535 876 703 959 πεφύκασι
726 884 868 961 φρονεῖν
887 877 923 941 οί
937 873 1014 962 περὶ
1032 875 1115 943 ταύ-

59 988 159 1066 4την
181 983 322 1066 μάλιστα
345 985 519 1068 γενόμενοι
542 983 603 1066 τὴν
626 982 767 1065 ἡλικίαν.
800 981 892 1067 φέρε,
917 977 988 1048 ἀλλ’
1010 983 1115 1066 ἡτοῠ

93 1087 288 1174 κατέχοντος
320 1091 361 1154 τά
392 1089 567 1174 πράγματα
598 1087 749 1171 εὐγένεια
781 1086 835 1153 καὶ
866 1088 887 1171 ἡ
921 1090 1004 1174 πρὸς
1031 1091 1116 1166 τοὺς

92 1198 289 1281 κρατίστους
311 1205 378 1259 τῶν
402 1199 547 1260 πολιτῶν
570 1193 809 1278 ἐπιτηδειότης,
839 1190 883 1258 δι’
905 1194 949 1277 ἣν
972 1194 1035 1260 οὐκ
1056 1195 1114 1261 εὐ-

58 1330 84 1370 10
93 1304 298 1387 επιχείρητός
324 1300 430 1384 ἐστιν,
458 1299 643 1386 ἀνέχεσθαί
668 1316 705 1366 σε
728 1300 916 1384 ἀναγκάζει;
949 1299 1114 1368 ἀλλὰκαὶ

93 1403 186 1475 ταῦτ’
208 1407 378 1493 ἀμφότερα
401 1417 509 1484 κακῶς
531 1408 649 1492 ἔχοντα
672 1406 762 1496 αὐτῷ
782 1406 938 1491 τυγχάνει
955 1405 1011 1472 καὶ
1030 1405 1114 1474 οὐδὲ

94 1514 194 1591 αὐτὸς
218 1513 303 1580 αὐτά
325 1537 363 1596 γε
386 1511 525 1595 ἀγνοεῖς.
572 1510 627 1577 καί
654 1514 721 1597 μὴν
748 1514 769 1596 ἥ
796 1536 834 1597 γε
861 1515 966 1597 τόλμα
993 1511 1113 1581 καὶτὸ

94 1623 340 1707 φιλοκίνδυνον
363 1621 474 1685 ἔνεστί
495 1635 559 1685 σου
581 1629 651 1696 τοῖς
668 1621 814 1705 τρόποις,
838 1615 887 1685 ὧν
905 1619 1046 1703 μάλιστα
1063 1627 1163 1709 τρῖῖιε

94 1729 284 1813 βασιλεύειν
308 1726 462 1812 μέλλοντι
487 1728 547 1793 δεῖ.
587 1726 728 1813 ὑπάρχει
752 1725 791 1792 δέ
812 1743 866 1792 σοι
889 1723 944 1791 καὶ
967 1732 1114 1805 πλοῦτος

59 1861 85 1902 15
95 1836 208 1912 ἱκανὸς
235 1833 291 1900 καὶ
319 1836 412 1920 φίλοι
435 1831 553 1899 πολλοὶ
575 1831 631 1898 καὶ
654 1834 752 1898 ἀλλαι
773 1834 857 1920 πρὸς
879 1834 920 1898 τά
942 1831 1107 1919 πράγματ’

60 1938 245 2026 5ἀφορμαὶ
272 1938 391 2006 πολλαὶ
418 1938 474 2005 καὶ
497 1941 644 2024 μεγάλαι.
690 1943 725 2005 τί
745 1934 808 2005 οὖν
832 1941 880 2004 ἔτι
902 1938 1033 2024 μέλλεις
1054 1940 1114 2007 καὶ

94 2050 153 2112 τὸν
177 2047 365 2131 αὐτόματον
388 2045 503 2132 ἐκδέχη
528 2049 655 2131 καιρόν,
680 2045 717 2123 ὃς
739 2045 809 2129 ἥξει
832 2063 887 2110 σοι
911 2044 1025 2131 φέρων
1047 2047 1113 2130 τὴν

94 2156 267 2238 βασιλείαν
286 2149 391 2239 μηδὲν
410 2154 458 2231 είς
475 2161 573 2219 τοῦτο
592 2150 929 2240 πραγματευσαμένῳ,
949 2155 1030 2236 μετὰ
1047 2155 1113 2237 τὴν

94 2271 154 2327 τοῦ
184 2264 328 2327 Τυλλίου
352 2263 461 2345 δήπου
478 2263 650 2343 τελευταῖος
676 2260 785 2345 ὥσπερ
805 2258 1035 2344 ἀναμενούσης
1052 2269 1113 2344 τῆς

58 2402 85 2443 20
94 2370 194 2454 τύχης
217 2371 275 2446 τὰς
298 2369 516 2455 ἀνθρωπίνας
538 2370 720 2452 μελλήσεις,
743 2366 764 2450 ἢ
787 2376 845 2450 της
864 2368 997 2452 φύσεως
1015 2365 1112 2450 ἡμῶν

92 2477 152 2551 τάς
173 2471 252 2540 καθ’
274 2475 407 2558 ἡλικίαν
431 2474 555 2563 ἑκάστῳ
579 2474 731 2550 τελευτάς
750 2474 929 2558 φερούσης,
952 2467 1025 2538 ἀλλ’
1048 2472 1112 2538 οὐκ

95 2580 132 2645 ἐν
156 2580 268 2669 ἀδήλῳ
291 2577 346 2644 καί
371 2579 603 2666 δυστεκμάρτῳ
628 2579 714 2644 τέλει
736 2579 870 2645 πάντων
889 2589 956 2644 τῶν
976 2577 1112 2664 ἀνθρω-

60 2689 203 2768 6πίνοιν
226 2687 428 2772 πραγμάτων
451 2684 621 2769 κειμένοιν.
659 2684 723 2769 ἐρῶ
747 2686 789 2769 δὴ
813 2687 894 2769 μετὰ
911 2687 1110 2771 παρρησίας,

166 2921 182 2968 2
201 2913 337 2982 ἀσθενὴς]
358 2910 466 2982 ἀφελὴς
484 2928 507 2968 ο.
526 2910 665 2965 Bficheler
736 2917 752 2966 5
770 2915 883 2975 πολλοῖς
900 2914 1018 2976 ἀποδεῖς
1037 2910 1111 2968 ἔτεσι

93 2983 376 3052 πεντακονταέτηςΒ
403 2983 474 3037 πολὺ
493 2980 584 3038 ἀποδέ
621 2982 690 3037 m
717 2983 834 3048 ἀποδεῖς
851 2992 902 3038 τού
920 3004 948 3040 π.
969 3001 991 3039 ο.
1008 2982 1111 3038 Garrer

95 3056 162 3112 Obs.
180 3074 208 3125 p.
229 3062 244 3110 7
273 3054 349 3123 quod
371 3053 475 3123 probat
497 3002 632 3121 ὃοοοοδεί,
658 3053 708 3107 sed
732 3053 766 3108 cf.
785 3055 868 3108 Vna
942 3062 957 3110 6
981 3053 1017 3109 τὰ
1040 3053 1111 3124 κρά-

94 3145 174 3183 τιστα
192 3125 342 3195 Κίοεελίιης,
361 3124 504 3195 κράτιστοι
522 3142 545 3181 ο.
564 3125 694 3179 Hertlein
711 3125 828 3179 Hermes
847 3126 872 3180 X
890 3132 942 3180 412
1003 3133 1018 3180 7
1039 3124 1110 3197 φέρε

95 3197 203 3254 add.B
286 3203 319 3251 10
338 3215 368 3253 σε
388 3195 492 3251 add.ss
576 3203 608 3250 11
628 3196 757 3250 ταύταΒ
795 3201 885 3259 καλῶς
902 3197 979 3250 ΑΒο
1015 3205 1110 3260 κακῶς

94 3270 142 3324 Bb
185 3274 217 3323 12
236 3268 339 3337 ἀγνοεῖ
351 3267 426 3321 ΑΒει
457 3268 569 3338 ἀγνοεῖς
586 3267 633 3321 Bb
661 3271 751 3330 καλῶς
771 3200 871 3338 δχοντοι
885 3298 919 3308 -
935 3299 968 3309 -
983 3268 1109 3359 ἀγνοεῖςχ

95 3393 119 3430 ο.
137 3374 282 3444 Kiessling
313 3375 387 3430 αότδι
406 3373 460 3428 del.
479 3374 582 3429 Reiske
639 3378 671 3428 15
690 3373 920 3445 πρ....άγματα
938 3373 986 3427 Ba
1017 3339 1111 3445 πρὸτα

94 3445 245 3518 πράγματα
263 3446 309 3499 Bb
383 3452 414 3500 21
435 3444 485 3508 τάς
503 3445 609 3500 add.B

239 3572 331 3624 ,εἱ
