2414 3840
486 174 645 225 ..ς-

57 332 228 419 γομένους
250 343 308 417 της
331 333 512 418 ἀσφαλείας
529 334 710 421 ὑπερορᾶν·
745 336 914 420 ἀγαπητὸν
933 334 994 421 μέν
1012 339 1075 422 γάρ

60 441 191 526 ἀμφοῖν
219 440 411 525 τυγχάνειν,
444 441 476 505 εί
503 434 534 504 δ’
561 439 741 528 ἐξείργοιτό
767 464 817 518 τις
844 441 1006 530 θατέρου,
1036 447 1076 509 τά

60 550 211 632 σωτήρια
240 556 308 610 τῶν
341 545 609 632 εὐπρεπεστέρων
641 547 798 632 νομιστέα
828 548 1075 637 ἀναγκαιότερα.

59 651 158 730 τέλος
183 650 213 717 δ’
241 648 284 735 ἧν
306 663 374 717 τῶν
396 661 499 718 ταῦτα
522 654 794 738 παραινούντων,
820 653 973 741 πρέσβεις
996 656 1076 723 ἀπο-

60 757 212 825 στέλλειν
235 761 314 836 τοὺς
337 757 590 844 διαλεξομένους
611 770 681 836 τοϊς
703 759 906 845 ἀφεστηκόσι
928 762 1004 849 περὶ
1023 781 1103 848 ‹pe-5

61 868 148 947 λίας,
171 865 217 941 ὡς
240 861 341 930 οὐδὲν
365 865 478 941 αὐτοῖς
499 865 682 951 ἡμάρτηται
706 866 897 951 ἀνηκεστον.

131 955 346 1036 XXXXVIII.
365 968 491 1035 Ἐδόκει
505 981 608 1036 ταῦτα
620 981 660 1057 τῇ
673 975 793 1058 βουλῇ·
811 972 867 1039 καὶ
881 977 961 1057 μετά
974 984 1076 1040 ταῦτα

63 1074 344 1163 προχειρισαμένη
368 1078 446 1154 τοὺς
465 1075 751 1160 ἐπιτηδειοτάτους
771 1077 971 1164 διεπέμψατο
993 1083 1078 1164 πρὸς

61 1187 144 1261 τοὺς
166 1181 219 1249 ἐπὶ
242 1191 303 1248 τοῦ
325 1183 479 1268 χάρακος,
503 1182 713 1270 ἐντειλαμένη
736 1187 973 1252 πυνθάνεσθαι
995 1182 1073 1274 παρ’

61 1291 191 1373 αὑτῶν,
223 1292 315 1366 τίνος
342 1287 474 1354 δέονται
500 1287 555 1354 καὶ
583 1288 635 1355 έπλ
662 1294 730 1356 τίσι
758 1293 898 1370 δικαίοις
925 1293 1076 1373 ἀξιοῦσιν
1092 1314 1117 1352 10

63 1399 114 1475 είς
136 1397 197 1480 την
220 1397 318 1461 πόλιν
342 1395 576 1482 ἀναστρέφειν·
609 1399 641 1462 εί
660 1399 725 1483 γάρ
748 1405 798 1482 είη
817 1423 849 1464 τι
868 1399 1003 1487 μέτριον
1021 1400 1076 1466 καὶ

63 1504 213 1569 δυνατὸν
230 1512 298 1567 τῶν
317 1502 515 1586 αίτημάτων,
539 1503 601 1567 οὐκ
620 1502 882 1570 ἐναντιώσεσθαι
900 1508 997 1590 σφίσι
1015 1509 1095 1591 τὴν,

62 1613 202 1694 βουλήν.
238 1618 303 1674 νῦν
325 1605 387 1692 μέν
408 1602 470 1673 οὑν
489 1607 602 1685 αὐτοῖς
620 1608 842 1692 ἀποθεμένοις
859 1612 900 1675 τά
918 1611 1003 1676 ὅπλα
1021 1611 1076 1677 καλ

62 1723 237 1781 κατιοῦσιν
259 1716 307 1792 είς
328 1715 389 1798 την
412 1715 511 1779 πόλιν
533 1715 650 1779 ἀδειαν
670 1714 829 1801 ὑπάρξειν
847 1727 914 1781 τῶν
931 1716 1076 1803 ἡμαρτη-

63 1819 187 1907 μένων,
210 1819 265 1886 καὶ
288 1823 335 1899 είς
356 1822 416 1886 τὸν
439 1820 502 1885 ἀπὸ
525 1822 625 1886 τοῦδε
647 1824 772 1906 χρόνον
794 1822 992 1906 ἀμνηστίαν·
1016 1823 1076 1889 έάν
1090 1842 1116 1883 15

64 1924 103 1993 δὲ
134 1929 175 1993 τά
206 1929 362 2011 κράτιστα
394 1928 581 2010 βουλεύωσι
607 1935 652 2014 τῷ
680 1936 782 2016 κοινῷ
810 1927 866 1994 καὶ
891 1930 1076 2015 προθύμως

10 2034 288 2100 ι49κινδυνεύωσι
319 2031 396 2119 περὶ
427 2042 484 2117 τῆς
514 2024 693 2119 πατρίδος,
721 2034 860 2119 ἀμοιβάς
891 2037 992 2111 καλάς
1020 2035 1076 2101 καὶ

64 2145 254 2216 λυσιτελεῖς.
299 2140 420 2216 ταύτας
450 2140 485 2204 οί
511 2137 664 2225 πρέσβεις
693 2141 752 2218 τάς
778 2140 914 2218 ἐντολάς
940 2143 1111 2225 κομισά-2

64 2269 161 2331 μενοι
185 2244 353 2311 ἀπέδοσαν
370 2255 440 2322 τοῖς
459 2243 512 2310 ἐπὶ
531 2245 757 2332 στρατοπέδου
776 2245 831 2312 καλ
849 2250 889 2312 τά
905 2247 1077 2314 ἀκόλουθα

65 2349 297 2437 διελέχθησαν.
344 2352 385 2416 ού
418 2350 606 2436 δεξαμένων
637 2349 674 2418 δὲ
702 2364 770 2419 τῶν
798 2354 992 2420 ἀποστατῶν
1018 2356 1076 2432 τάς
1091 2375 1117 2415 ιο

60 2463 278 2545 προκλήσεις,
301 2453 372 2523 ἀλλ’
393 2458 581 2544 ὑπεροψίαν
603 2456 659 2524 καὶ
681 2461 849 2545 βαρύτητα
871 2459 926 2526 καλ
948 2462 1076 2545 πολλὴν

65 2567 239 2652 είρωνείαν
266 2575 337 2642 τοῖς
363 2568 548 2650 πατρικίοις
576 2565 830 2651 ὀνειδισάντων,
861 2568 892 2633 εί
917 2583 1077 2652 προσποι-

66 2680 184 2738 οῦνται
215 2668 276 2756 μὲν
308 2671 459 2757 ἀγνοεῖν,
493 2668 541 2738 ὧν
573 2672 591 2739 δ
623 2674 726 2758 δῆμος
754 2675 858 2738 δεῖται
884 2671 941 2738 καὶ
968 2671 1011 2738 δι’
1039 2674 1077 2752 ἀς

66 2779 214 2861 ἀνάγκας
240 2775 430 2842 ἀπἀὐτῶν
458 2777 597 2862 ἀπέστη,
624 2780 814 2864 χαρίζονται
842 2773 873 2844 δ’
899 2780 987 2869 αύτῷ
1016 2783 1077 2866 την

65 2886 183 2949 ἀδειαν
206 2894 267 2950 τοῦ
290 2885 454 2968 μηδεμίαν
477 2885 636 2969 ὑποσχεῖν
658 2895 716 2969 τῆς
739 2885 950 2965 ἀποστάσεως
968 2889 1076 2973 δίκην,
1090 2905 1117 2946 2⁵

64 2991 178 3076 ὥσπερ
201 2993 249 3055 έτι
271 2991 394 3076 κύριοι,
417 2999 475 3074 της
497 2994 657 3075 βοηθείας
679 3016 717 3075 γε
736 2992 832 3058 αὐτοὶ
850 2996 1002 3080 δεόμενοι
1019 3005 1078 3079 τῆς

62 3102 233 3181 πολιτικῆς
253 3096 288 3160 οί
304 3093 356 3161 ἐπὶ
369 3098 448 3174 τοὺς
462 3097 620 3175 ὀθνείους
633 3096 798 3181 πολέμους
813 3099 874 3165 οὑκ
888 3104 935 3177 είς
948 3102 1077 3185 μακρὰν

136 3292 170 3342 15
190 3288 259 3359 ἀπὸ]
275 3287 329 3357 πρὸ
343 3305 366 3343 ο.
382 3287 484 3343 Reiske
540 3296 573 3344 16
592 3288 626 3344 τδι
645 3307 699 3345 om.
714 3289 737 3346 Ο
755 3291 902 3360 ρτοελοτθ
957 3293 990 3342 26
1011 3289 1077 3360 βοη-

61 3361 148 3422 θείας
161 3378 191 3414 τε
206 3359 229 3414 Ο
258 3360 282 3431 β.
297 3379 328 3429 γε
339 3358 461 3429 Sylburg
506 3367 540 3416 27
555 3366 698 3430 πολιτικῆς
711 3359 775 3416 οίΒ
799 3359 830 3416 οί
840 3377 893 3416 om.
904 3360 929 3412 R
945 3362 948 3426 λ
964 3361 1029 3426 post
1046 3379 1076 3415 τε

60 3431 176 3486 videtur
195 3427 281 3485 οὐδὲν
301 3430 398 3485 deesse
417 3431 531 3486 Reiskio
553 3435 557 3504 Ι
578 3433 715 3502 πολέμους
733 3432 785 3483 ΑΒ
821 3431 970 3500 πολεμίους
991 3428 1076 3499 vulgo
