2414 3840
534 191 696 238 -A-
1081 184 1124 250 57

102 352 288 427 καλοῦντες
315 351 351 414 ἐκ
374 373 409 414 τε
435 358 494 413 ιοῦ
518 351 698 433 δημοτικοῦ
720 350 874 430 πλήθους
896 351 975 424 τοὺς
998 348 1125 432 ἀπορω-

104 456 237 540 τάτους,
261 447 313 532 οἶς
332 455 474 533 οὐθενὸς
491 467 558 520 τῶν
577 457 717 520 δικαίων
737 454 876 540 φροντίς
890 451 942 539 ἦν,
961 457 1126 542 χρήμασιν

105 561 332 646 ἐξωνούμενοι
361 560 417 627 καὶ
452 559 532 628 οὐδὲ
559 562 696 646 ἀφανῶς
723 560 843 627 ἔκαστοι
870 564 999 628 τούτων
1026 562 1125 647 πράτ-

104 693 231 747 τοντες.
276 677 380 734 ταῦτα
410 666 444 733 δ’
480 668 569 754 ὁρῶν
602 669 620 734 ὁ
654 669 795 746 Τύλλιος
826 671 949 753 ήχθετο
981 666 1042 754 μὲν
1069 666 1162 735 καὶὸ

104 775 185 861 περὶ
216 774 337 841 ἑαυτοῦ
365 776 498 857 δεδιώς,
531 782 564 840 εί
587 798 620 841 τι
647 779 794 840 πείσεται
820 779 1159 861 προκαταληφθείςι

106 881 287 966 ἠγανάκτει
310 877 344 947 θ’
370 882 433 967 οὐχ
455 882 581 966 ήκιστα,
606 885 637 947 εί
658 880 803 966 θυγατρὶ
826 880 881 947 καὶ
904 886 1041 970 γαμβρῷ
1067 904 1126 949 πο-

107 994 223 1072 λεμεῖν
250 987 539 1072 ἀναγκασθήσεται
567 987 622 1055 καὶ
645 992 804 1074 τιμωρίας
827 989 872 1066 ὡς
894 986 971 1075 παρ’
994 989 1127 1074 ἐχθρῶν

107 1096 309 1180 λαμβάνειν,
336 1088 495 1172 πολλάκις
522 1097 602 1179 μετὰ
629 1106 696 1160 τῶν
724 1099 833 1180 φίλων
856 1096 1127 1180 προκαλούμενος

107 1203 157 1278 είς
180 1203 303 1285 λόγους
325 1203 385 1267 τὸν
403 1203 602 1286 Ταρκύνιον,
626 1200 681 1266 καί
703 1204 744 1267 τὰ
767 1199 829 1286 μέν
848 1201 1007 1285 ἐγκαλῶν,
1030 1204 1070 1267 τὰ
1089 1199 1126 1269 δὲ

106 1313 301 1392 νουθετῶν,
328 1310 369 1372 τά
392 1304 429 1372 δέ
452 1311 582 1373 πείθων
605 1304 711 1392 μηδὲν
734 1310 781 1386 είς
804 1305 924 1374 ἑαυτὸν
948 1308 1125 1394 ἐξαμαρτά-
1135 1330 1164 1369 ιο

106 1433 196 1480 νειν·
238 1415 284 1491 ὡς
312 1411 342 1478 δ’
369 1413 411 1480 οὐ
438 1424 613 1500 προσεῖχεν
643 1415 732 1503 αὐτῷ
759 1417 821 1500 τὴν
849 1417 1019 1500 διάνοιαν,
1052 1412 1124 1481 ἀλλ’

107 1518 163 1586 ἐπὶ
180 1529 240 1603 τῆς
258 1523 382 1604 βουλῆς
400 1523 464 1605 ἔφη
483 1523 523 1585 τά
543 1522 654 1587 δίκαια
668 1522 751 1604 πρὸς
765 1523 867 1588 αὐτὸν
882 1523 981 1608 ἐρεῖν,
1006 1540 1126 1605 συγκα-

106 1624 208 1704 λέσας
229 1628 268 1692 τὸ
287 1626 479 1712 συνέδριον·
506 1626 658 1713 Ἄνδρες,
682 1630 757 1713 ἔφη,
782 1631 970 1712 βουλευταί,
999 1631 1162 1714 Ταρκύλ

106 1757 183 1810 νιος
220 1731 365 1819 ἑταιρίας
401 1731 450 1798 ἐπ’
483 1731 538 1817 ἐμὲ
570 1736 728 1817 συνάγων
759 1730 815 1799 καὶ
847 1736 1128 1819 προθυμούμενος

107 1839 264 1924 ἐκβαλεῖν
287 1864 326 1924 με
348 1849 406 1924 τῆς
429 1840 530 1924 άρχής
553 1842 745 1925 καταφανής
768 1838 886 1924 γέγονέ
907 1865 972 1926 μοι.
1009 1842 1128 1925 βούλο-

108 1972 168 2031 μαι
192 1944 231 2012 δέ
253 1947 387 2012 πάντων
407 1946 503 2031 ὑμῶν
521 1951 696 2032 παρόντων
715 1954 839 2031 μαθεῖν
857 1945 934 2034 παρ’
958 1949 1073 2033 αὐτοῦ,
1096 1952 1131 2014 τί
1138 1980 1165 2021 15

107 2055 290 2131 πεπονθὼς
322 2054 391 2139 ίθίμ
423 2055 526 2119 κακὸν
554 2053 574 2137 ή
601 2057 637 2118 τί
660 2056 721 2137 τήν
748 2056 848 2120 πόλιν
876 2055 966 2140 ὁρῶν
993 2056 1127 2121 ἀδικου-

58 2157 218 2246 ῖῖομένην
244 2157 302 2226 ὑπ’
323 2159 406 2246 ἐμοῦ
427 2157 519 2226 ταῦτ’
541 2154 592 2225 ἐπ’
614 2158 687 2244 ἐμοὶ
710 2170 903 2247 μηχανᾶται.
950 2162 1128 2247 ἀπόκριναι

111 2268 169 2352 δή,
198 2269 376 2352 Ταρκύνιε,
400 2264 505 2352 μηδὲν
528 2266 819 2352 ἀποκρυψάμενος,
845 2271 881 2333 τί
901 2292 967 2351 μου
989 2291 1128 2351 κατηγο-

112 2383 185 2458 ρεῖν
208 2375 303 2457 ἔχεις,
327 2373 440 2457 ἐπειδὴ
464 2375 605 2451 τούτους
627 2373 740 2457 ἠξίους
763 2374 912 2439 ἀκοῦσαι.

178 2480 298 2545 XXXI.
321 2479 420 2565 Λέγει
434 2482 517 2566 πρὸς
533 2480 636 2545 αὐτὸν
650 2479 668 2545 ὁ
682 2481 880 2565 Ταρκύνιος·
894 2483 1027 2565 Βραχύς
1037 2480 1127 2548 ἐστιν
1137 2515 1166 2555 20

111 2585 131 2651 ὁ
157 2583 237 2672 παρ’
265 2584 347 2671 ἐμοῦ
375 2590 488 2672 λόγος,
517 2583 543 2652 ὦ
571 2587 704 2669 Τύλλιε,
733 2585 788 2652 καὶ
812 2588 952 2665 δίκαιος·
988 2587 1044 2655 καὶ
1072 2590 1128 2655 διὰ

111 2701 212 2758 τοῦτο
239 2694 443 2778 προειλόμην
470 2693 573 2759 αὐτὸν
599 2693 646 2770 είς
672 2694 813 2772 τούτους
836 2693 997 2781 ἐκφέρειν.
1043 2701 1126 2782 Ταρ-

109 2799 229 2878 κύνιος
251 2799 329 2885 ἐμὸς
351 2800 399 2865 ὢν
421 2800 553 2876 πάππος
574 2800 733 2884 ἐκτήσατο
756 2801 818 2884 τήν
832 2797 1002 2886 Ῥωμαίων
1021 2802 1128 2889 ἀρχὴν

110 2909 259 2984 πολλοὺς
284 2905 341 2972 καὶ
367 2909 530 2991 μεγάλους
557 2907 688 2989 ἀγῶνας
715 2904 799 2992 ὑπὲρ
826 2908 928 2992 αὐτῆς
950 2910 1126 2994 ἀράμενος·

111 3012 245 3079 ἐκείνου
276 3016 531 3097 τελευτήσαντος
562 3012 626 3095 ἐγὼ
659 3013 816 3098 διάδοχός
846 3016 913 3101 είμι
940 3017 1022 3081 κατὰ
1049 3022 1127 3096 τοὺς
1136 3046 1165 3087 εε

110 3122 249 3197 κοινοὺς
276 3119 432 3185 ἁπάντων
450 3114 618 3203 Ἑλλήνων
646 3143 681 3184 τε
708 3117 764 3186 καὶ
787 3123 965 3207 βαρβάρων
988 3125 1126 3207 νόμους·

184 3310 271 3366 8καλ
288 3311 421 3374 πολλάκις
438 3311 460 3365 Ο
479 3311 632 3380 praeterB
691 3319 723 3368 10
742 3307 844 3368 ἑαυτὸν
862 3312 908 3366 Ba
944 3312 1031 3365 αύτὸν
1048 3311 1125 3364 ABb

110 3389 146 3438 14
166 3383 377 3451 σνναγαγὼνΟ
414 3383 541 3453 συνάγων
561 3382 701 3438 ΒίῖοΙιεΙοτ
757 3391 791 3439 23
810 3383 862 3452 τήν
880 3390 936 3436 τῶν
946 3379 1126 3447 ῬωμαίωνΒ

108 3459 144 3509 25
164 3451 309 3523 ἀράμενος
326 3468 359 3508 ex
377 3451 527 3524 αίράμενος
544 3453 567 3506 Β
