2414 3840
130 157 173 223 εκ
557 110 602 199 -’
623 162 651 231 ,Δ
688 188 722 198 -

130 321 247 386 κόπτοι
274 320 333 396 τὰς
360 318 493 404 οὐσίας,
525 319 681 385 ἁπάντων
709 313 742 384 δ’
775 319 841 404 ἅμα
867 320 931 403 την
958 321 1152 406 παρρησίαν

130 425 186 491 καὶ
208 426 270 510 τὴν
293 426 491 510 ἐλευθερίαν
513 425 706 512 ἀφαιροῖτο·
729 430 854 510 πολλῆς
874 448 910 492 τε
933 427 1062 512 μωρίας
1084 428 1153 511 ἔφη

131 530 187 598 καὶ
209 535 431 616 θεοβλαβείας
452 527 539 598 εἶναι
560 534 650 619 παρὰ
667 541 822 617 πονηροῦ
840 529 896 598 καὶ
913 531 1056 597 ἀνοσίου
1073 535 1153 618 τρό-

131 659 198 704 που
217 640 362 725 χρηστόν
380 660 413 703 τι
430 635 487 703 καλ
505 638 752 723 φιλάνθρωπον
767 637 909 717 ἐλπίζειν
922 635 978 703 καὶ
991 641 1154 722 νομίζειν,

106 745 179 822 εὼς
210 744 229 810 ὁ
261 754 330 809 τῶν
363 742 634 828 συγγενεστάτων
661 767 697 819 τε
724 740 781 808 καλ
808 743 1079 827 ἀναγκαιοτάτων
1108 747 1154 829 μὴ

133 851 334 935 φεισάμενος
356 861 424 916 τῶν
447 850 632 937 ἀλλοτρίων
655 854 817 934 φείσεται·
847 849 990 944 παρῄνει
1010 874 1048 916 τε
1070 849 1155 928 τέως

133 958 226 1024 οὔπω
253 958 313 1022 τὸν
340 958 479 1041 χαλινὸν
506 958 663 1040 είληφασι
693 959 764 1040 [της
791 957 958 1040 δουλείας]
986 956 1064 1043 περὶ
1090 965 1199 1023 τοῦῖσε

133 1065 177 1149 μὴ
199 1068 314 1148 λαβεῖν
334 1063 438 1129 αὐτὸν
456 1063 691 1149 διαμάχεσθαι,
715 1061 748 1140 ἐξ
769 1057 817 1128 ὧν
835 1061 943 1148 ότεροι
959 1065 1155 1129 πεπόνθασι

134 1171 257 1236 δεινῶν
279 1168 569 1257 τεκμαιρομένους,
593 1169 614 1234 ἀ
637 1171 841 1254 συμβήσεται
861 1176 987 1234 παθεῖν
1005 1169 1132 1248 αὐτοῖς.

95 1295 121 1334 10
201 1275 400 1342 XXXXVII.
440 1277 584 1362 Τοιαύτη
611 1278 802 1361 καταδρομῇ
827 1285 888 1341 τοῦ
915 1277 1051 1361 Τύρνου
1072 1300 1156 1362 χρη-

135 1381 283 1466 σαμένου
305 1381 360 1446 καλ
383 1391 452 1448 τῶν
474 1387 608 1448 πολλῶν
628 1384 762 1467 σφόδρα
780 1380 989 1466 κινηθέντων
1008 1379 1063 1447 ἐπὶ
1081 1393 1156 1460 τοῖς

135 1491 249 1571 λόγοις
280 1489 500 1572 αἰτησάμενος
530 1491 578 1565 είς
609 1488 794 1571 ἀπολογίαν
825 1489 844 1555 ὁ
876 1489 1064 1574 Ταρκύνιος
1091 1489 1157 1573 την

135 1593 297 1660 ἐπιοῦσαν
319 1593 446 1680 ἡμέραν
468 1591 524 1659 καὶ
546 1595 674 1678 λαβών,
703 1594 748 1672 ὡς
770 1594 789 1660 ὁ
812 1595 975 1678 σύλλογος
998 1594 1157 1679 διελύθη,

135 1698 367 1788 παρακαλέσας
382 1703 461 1779 τοὺς
474 1700 756 1785 ἀναγκαιοτάτους
769 1699 902 1766 ἐσκόπει
917 1698 986 1784 μετ’
1003 1699 1157 1783 ἐκείνων,

97 1825 122 1866 15
136 1811 212 1874 τίνα
229 1807 391 1894 χρηστέον
409 1818 480 1886 τοῖς
497 1808 666 1892 πράγμασι
684 1809 819 1892 τρόπον.
848 1807 884 1871 οί
899 1803 961 1890 μὲν
979 1801 1044 1872 οὖν
1058 1808 1157 1874 ἀλλοι

136 1917 216 1990 τοὺς
238 1917 370 1998 λόγους,
394 1913 454 1992 οὓς
476 1911 519 1999 ἦν
542 1913 631 2002 αὐτῷ
655 1911 790 1978 λεκτέον
815 1910 868 1978 ἐπὶ
885 1922 943 1997 τῆς
961 1913 1157 1998 ἀπολογίας,

136 2020 334 2086 ὑπετίθεντο
357 2017 413 2084 καλ
436 2022 515 2098 τοὺς
533 2024 687 2104 τρόπους,
712 2011 763 2096 οἷς
781 2020 850 2084 ἔδει
869 2021 907 2085 τὸ
925 2024 1057 2103 πλῆθος
1074 2019 1158 2087 ἀπο-

49 2130 57 2145 ’
136 2128 348 2213 θεραπεύειν,
373 2126 617 2211 ἀπελογίζοντο.
654 2126 754 2203 αὐτὸς
777 2122 808 2189 δ’
832 2125 851 2191 ὁ
874 2124 1060 2211 Ταρκύνιος
1077 2128 1159 2193 τού-

137 2256 206 2300 των
233 2230 294 2319 μδν
322 2233 462 2311 οὐδενὸς
489 2236 554 2318 ἐφη
579 2235 651 2298 δεῖν
673 2242 743 2309 τοῖς
765 2232 972 2317 πράγμασιν,
1000 2233 1094 2298 ίδίαν
1119 2231 1158 2299 δδ

98 2359 126 2399 20
139 2343 277 2427 γνώμην
300 2340 516 2408 ἀπεδείκνυτο
535 2341 579 2426 μὴ
598 2341 639 2405 τὰ
656 2336 929 2424 κατηγορηθέντα
949 2339 1055 2422 λύειν,
1078 2337 1154 2405 ἀλλ’

103 2448 242 2514 2αύτὸν
269 2450 329 2513 τὸν
352 2452 625 2533 κατηγορήσαντα
648 2445 809 2531 ἀναιρεῖν.
846 2444 1095 2512 ἐπαινεσάντων
1119 2445 1157 2513 δὲ

139 2555 200 2637 τὴν
234 2556 373 2638 γνώμην
405 2555 561 2621 ἁπάντων
594 2554 839 2637 συνταξάμενος
870 2548 939 2637 μετ’
971 2553 1084 2620 αὐτῶν
1116 2556 1158 2620 τά

139 2661 221 2726 κατά
243 2660 305 2743 τὴν
328 2659 482 2727 ἐπίθεσιν
504 2661 671 2748 πράγματι
689 2658 900 2744 ἐπεχείρησεν
917 2660 1035 2742 ἥκιστα
1054 2650 1157 2727 δυναὲ

140 2765 229 2855 μένφ
256 2777 371 2833 πεσεῖν
398 2770 445 2845 είς
472 2771 636 2855 πρόνοιαν
663 2767 885 2852 ἀνθρωπίνην
911 2764 967 2832 καὶ
990 2769 1199 2852 φυλακήν.ῖσῖ

213 2994 298 3064 Ιτὴν
317 3011 371 3050 om.
390 2994 442 3049 AB
516 3001 581 3050 ὅτε
600 2994 663 3049 add.
682 2994 734 3048 AB
809 2994 1157 3064 ύούφείσεταιΑΙ*τε

142 3064 234 3130 έωςΟ
318 3073 400 3137 ’ῖτῆς
423 3067 552 3130 δουλείας
575 3066 629 3121 del.
652 3064 797 3134 Kiessling
819 3064 864 3119 Pr.
883 3064 947 3120 Bas.
965 3083 993 3135 p.
1014 3071 1048 3120 13
1123 3072 1155 3122 13

142 3134 319 3262 έπ<ιζούσαν
338 3137 361 3190 Β
444 3143 476 3192 16
495 3130 531 3204 ἦν
550 3136 614 3192 add.
632 3137 655 3190 Β
738 3143 772 3191 1⁵1
791 3137 992 3205 δπερετίθεντο
1011 3135 1065 3189 ΑΒ
1085 3152 1154 3190 corr.

143 3210 211 3279 Step
233 3225 302 3262 anus
323 3225 356 3262 ex
375 3208 424 3263 CD
440 3211 445 3277 Ι
462 3206 545 3272 οἷςΑ
582 3207 670 3272 οὓςΒ
736 3213 769 3261 18
789 3207 986 3276 ἀπελογίζοντο
1005 3207 1059 3260 ΑΒ
1093 3202 1156 3262 έπε-

141 3283 282 3352 λογίζοντο
301 3279 326 3332 R
403 3286 437 3334 20
456 3280 642 3336 ἀπεδείκνυτο
659 3279 683 3332 Β
720 3278 856 3333 ἀπεδείκυ
875 3278 906 3333 τὸ
924 3278 969 3345 ΑΙ
986 3275 1047 3333 ἀλλ’
1068 3278 1155 3332 αὐτὸν

143 3354 165 3409 Ο
202 3351 273 3407 ἀλλά
291 3351 340 3406 τὸν
359 3349 448 3405 Cobet
467 3350 532 3406 Obs.
550 3369 578 3420 p.
594 3356 627 3404 87
682 3356 715 3404 22
735 3348 781 3420 τδι]
802 3365 856 3403 om.
874 3349 920 3403 Ba
952 3353 989 3422 τῷ
1005 3351 1039 3417 Α,
1058 3365 1156 3419 super-

143 3422 237 3493 script.
257 3423 305 3477 Bb
341 3420 377 3476 τὰ
395 3438 464 3478 corr.
485 3421 607 3476 Sintenis
626 3423 686 3478 Em.
705 3419 787 3477 Dion.
807 3421 834 3474 II
854 3425 887 3474 14
