2414 3840
103 153 168 220 218
530 157 695 207 -E-

108 319 238 403 Ρώμης,
267 318 384 384 στάσιν
412 318 601 402 εἰσάγοντες
625 326 694 395 τοϊς
716 316 834 403 πένησι
857 321 942 406 πρὸς
963 323 1047 399 τοὺς
1070 320 1126 388 εὑ-

66 427 237 511 2πόρους.
282 425 346 510 ἤδη
375 420 404 490 δ’
428 425 576 491 ὑπεκίνει
603 425 640 490 τὸ
663 427 750 491 πολὺ
772 433 834 491 τοὺ
857 427 1044 511 δημοτικοῦ
1067 427 1131 514 μέι

103 557 162 618 ρος
179 529 235 597 καὶ
253 531 373 615 ἐνόσει,
396 532 538 617 μάλιστα
556 527 595 598 δὺ
612 531 650 597 τὸ
669 533 798 618 ἀπορον
815 530 870 599 καὶ
888 534 954 599 ὑπὸ
975 535 1123 603 δανείων

3 686 15 709 .
102 636 357 723 ἠναγκασμένον
385 638 499 723 μηκέτι
521 640 562 704 τά
584 639 742 725 κράτιστα
764 647 810 727 τῷ
832 648 937 730 κοινῷ
962 653 1121 727 φρονείν·

75 744 145 811 σοὺ
173 747 236 830 γάρ
265 743 454 829 ἐμετρίαζον
481 746 518 811 ἐν
547 756 619 823 ταῖς
646 744 812 824 ἐξουσίαις
839 747 874 812 οί
899 747 1120 834 δανείζοντες,

103 847 175 917 ἀλλ’
202 853 249 929 είς
281 853 425 938 δεσμοὺς
457 854 497 918 τά
523 861 592 918 τῶν
621 849 795 939 ὑποχρέων
822 853 952 938 ἀπῆγον
981 855 1120 941 σώματα

64 956 156 1032 3καδ
190 959 307 1048 ὥσπερΙ
328 959 577 1046 ἀργυρωνήτοις
604 959 718 1037 αὑτοῖς
745 959 899 1045 ἐχρῶντο.
944 971 1052 1028 ταῦτα
1078 964 1119 1048 δη

102 1066 223 1150 μαθὼν
251 1068 396 1150 ἐπεμψεν
420 1066 438 1132 δ
465 1063 649 1152 Ταρκύνιος
676 1068 724 1144 είς
750 1067 812 1152 την
834 1069 934 1134 πόλιν
957 1068 1027 1153 ἅμα
1049 1078 1120 1148 τοῖς

103 1170 259 1258 πρέσβεσι
287 1181 354 1238 τῶν
377 1174 534 1238 Λατίνων
559 1171 772 1250 ἀνυπόπτους
793 1175 887 1251 τινδς
909 1175 1038 1260 ἀνδρας
1061 1175 1119 1261 φέ·

60 1305 90 1346 ιο
104 1301 224 1364 ροντας
245 1281 401 1364 χρυσίου,
426 1282 462 1343 οἳ
481 1281 653 1356 συνιόντες
677 1281 724 1358 είς
746 1282 868 1364 λόγους
889 1291 960 1358 τοῖς
978 1281 1131 1370 ἀπόροις·

81 1367 158 1450 οκαὶ
179 1383 418 1470 θρασυτάτοις,
440 1383 496 1450 καὶ
518 1387 559 1450 τά
581 1382 643 1471 μὲν
665 1387 729 1470 ἤδη
755 1387 904 1465 διδόντες
928 1387 1065 1473 αὐτοῖς,
1078 1391 1131 1455 τά.

104 1487 147 1575 δ’,
172 1493 204 1556 εί
219 1489 415 1557 κατέλθοιεν
433 1492 468 1556 oc
484 1495 642 1576 βασιλεῖς,
663 1493 951 1578 ἐπαγγελλόμενοι,
969 1487 1131 1575 πολλοὺς·

102 1597 192 1664 πάνυ
214 1609 281 1664 τῶν
302 1604 448 1665 πολιτῶν
466 1596 679 1685 διέφθειραν·
702 1597 757 1665 καὶ
775 1602 903 1683 γίνεται
921 1605 1131 1687 συνωμοσία

101 1707 183 1771 κατά
204 1713 263 1789 της
285 1704 536 1792 ἀριστοκρατίας
560 1705 600 1770 οὐ
624 1708 730 1790 μόνον
753 1704 943 1793 ἐλευθέρων
967 1706 1131 1797 ἀπόρων,ι

58 1836 88 1877 τι
102 1811 186 1878 ἀλλά
203 1809 259 1878 καὶ
279 1813 411 1878 δούλων
425 1822 583 1899 πονηρῶν
597 1811 790 1897 ἐλευθερίας
804 1812 935 1880 ἐλπίσιν
947 1814 1131 1901 ὑπαχθέν-

101 1942 180 2002 των,
200 1921 236 1984 οἳ
251 1919 307 1984 διά
324 1921 404 1996 τοὺς
421 1917 649 1997 κολασθέντας
663 1918 871 2003 ὁμοδούλους
885 1919 922 1987 ἐν
935 1929 984 2010 τῷ
996 1928 1131 2009 παρελ-

21 2083 23 2086 4
101 2028 201 2091 θόντι
233 2024 374 2114 ἐνιαυτῷ
407 2027 579 2110 δυσμενῶς
610 2023 667 2091 καί
699 2023 884 2109 ἐπιβούλως
911 2028 1131 2115 διακείμενοι.Ι

102 2135 185 2219 πρὸς
213 2135 292 2210 τοὺς
319 2134 495 2215 δεσπότας,
527 2132 767 2217 ἀπιστούμενοί
785 2156 822 2199 τε
843 2127 899 2200 ὑπ’
921 2134 1036 2201 αὐτῶν
1063 2133 1131 2203 nai:

102 2239 139 2305 ἐν
165 2239 325 2319 ὑποψίαις
352 2241 446 2317 ὅντες
468 2240 513 2316 ὡς
535 2236 591 2305 καὶ
613 2237 709 2304 αὐτοὶ
732 2242 851 2324 σφίσιν
874 2239 1131 2327 ίπιθησόμενοιέ

57 2370 89 2411 σο
102 2368 181 2412 ποτε
200 2348 232 2413 εί
247 2348 366 2434 καιρὸν
385 2346 531 2430 λάβοιεν,
555 2347 778 2430 ἀσμευοιτοίς
789 2353 1022 2432 παρακαλοῦσι
1034 2351 1131 2437 πρὸς

66 2455 164 2538 4τηυ
187 2453 340 2521 ἐπίθεσιν
362 2454 566 2538 ὑπήκουσαν.
604 2452 622 2518 ὁ
644 2448 681 2518 δὲ
698 2461 756 2537 τῆς
774 2456 987 2538 συνωμοσίας
1005 2456 1131 2522 αὐτῶν·

99 2554 233 2627 τοιόσδε
259 2557 303 2646 ἦν
330 2562 495 2646 λογισμός.
540 2560 619 2637 τοὺς
646 2556 707 2643 μὲν
729 2559 895 2644 ἡγεμόνας
916 2569 974 2646 τῆς
997 2561 1131 2649 ἐπιχει-

102 2669 229 2752 ρήσεως
265 2668 333 2734 ἔδει
366 2665 576 2751 φυλάξαντας
606 2662 699 2732 νύκτ’
728 2664 894 2751 ἀσέληνον
924 2669 984 2746 τάς
1015 2670 1131 2757 ἄκρας

101 2772 157 2838 καὶ
184 2776 262 2852 τοὺς
289 2773 454 2858 ἐρυμνοὺς
482 2783 539 2858 τῆς
562 2774 689 2850 πόλεως
710 2775 833 2851 τόπους
854 2773 1131 2860 καταλαβόσθαι“

58 2902 89 2944 ει
103 2881 181 2957 τοὺς
205 2875 242 2945 δὲ
264 2881 484 2967 θεράποντας,
508 2881 588 2946 ὅταν
607 2885 793 2947 αἴσθωνται
810 2890 1017 2967 κρατοῦντας
1035 2882 1131 2950 ἐκεί-

101 3010 182 3064 νους
203 2997 271 3052 τῶν
289 2986 469 3072 ἐπικαίρων
486 2989 632 3072 χωρίων·
657 2985 835 3075 ἀλαλαγμῷ
855 2983 893 3054 δὺ
911 2984 1002 3054 τοῦτ’
1024 2991 1131 3074 ἐμελ-

173 3216 385 3272 2ὑπεκιυ.,το
408 3215 479 3268 πολὺ
502 3214 548 3267 Ba
589 3214 748 3269 ὑπεκτνείτο
770 3216 842 3270 πολὺ
868 3216 914 3271 Bb
955 3216 1131 3273 ὑπεκινεῖτιι

101 3289 132 3344 τὺ
151 3289 221 3342 πολὺ
240 3287 266 3341 Α
321 3293 336 3341 6
356 3284 446 3355 δεσμά
465 3302 487 3340 ο,
508 3283 597 3340 Cobet
616 3285 682 3340 Obs.
701 3303 727 3354 p.
745 3291 795 3340 102
852 3293 867 3341 7
888 3286 975 3350 οὑτως
995 3284 1131 3359 ἐχρῶντι

102 3360 124 3414 0
145 3361 257 3484 ὃρῷτρῖς
277 3355 315 3428 ἐχ.
336 3356 466 3413 Schnelle
485 3356 581 3411 Exere.
599 3373 627 3425 p.
645 3364 677 3412 10
752 3364 784 3413 17
805 3353 969 3430 ἐπιβούλως]
989 3359 1131 3423 ὑπούλως

98 3447 125 3483 ο.
193 3448 212 3499 p
234 3447 302 3486 anus

160 3546 270 3608 οἱ
