<?xml version="1.0" encoding="UTF-8"?>
<!DOCTYPE html PUBLIC "-//W3C//DTD XHTML 1.0 Transitional//EN"
    "http://www.w3.org/TR/xhtml1/DTD/xhtml1-transitional.dtd">
<html xmlns="http://www.w3.org/1999/xhtml" xml:lang="en" lang="en">
 <head>
  <title>
</title>
<meta http-equiv="Content-Type" content="text/html;charset=utf-8" />
  <meta name='ocr-system' content='tesseract 3.04.00' />
  <meta name='ocr-capabilities' content='ocr_page ocr_carea ocr_par ocr_line ocrx_word'/>
</head>
<body>
  <div class='ocr_page' id='page_1' title='image "./dionysihalicarn02diongoog_0291.png"; bbox 0 0 2414 3840; ppageno 0'>
   <div class='ocr_carea' id='block_1_1' title="bbox 555 181 714 232">
    <p class='ocr_par' dir='ltr' id='par_1_1' title="bbox 555 181 714 232">
     <span class='ocr_line' id='line_1_1' title="bbox 555 181 714 232; baseline -0.006 -11"><span class='ocrx_word' id='word_1_1' title='bbox 555 181 714 232; x_wconf 78' lang='grc' dir='ltr'><strong><em>..ς-</em></strong></span> 
     </span>
    </p>
   </div>
   <div class='ocr_carea' id='block_1_2' title="bbox 44 337 1203 2972">
    <p class='ocr_par' dir='ltr' id='par_1_2' title="bbox 44 337 1203 2972">
     <span class='ocr_line' id='line_1_2' title="bbox 122 337 1141 430; baseline -0.001 -22"><span class='ocrx_word' id='word_1_2' title='bbox 122 343 338 430; x_wconf 89' lang='grc' dir='ltr'><strong><em>χαριοόμενοι</em></strong></span> <span class='ocrx_word' id='word_1_3' title='bbox 364 352 403 427; x_wconf 81' lang='grc' dir='ltr'><strong><em>τή</em></strong></span> <span class='ocrx_word' id='word_1_4' title='bbox 432 344 574 429; x_wconf 90' lang='grc' dir='ltr'><strong><em>πατρίδι.</em></strong></span> <span class='ocrx_word' id='word_1_5' title='bbox 621 342 807 407; x_wconf 78' lang='grc' dir='ltr'><em>ἀποθανεῖν</em></span> <span class='ocrx_word' id='word_1_6' title='bbox 834 337 895 426; x_wconf 69' lang='grc' dir='ltr'><strong><em>μὲν</em></strong></span> <span class='ocrx_word' id='word_1_7' title='bbox 923 344 987 427; x_wconf 87' lang='grc' dir='ltr'><strong><em>γὰρ</em></strong></span> <span class='ocrx_word' id='word_1_8' title='bbox 1015 343 1141 407; x_wconf 81' lang='grc' dir='ltr'><strong><em>ἅπασιν</em></strong></span> 
     </span>
     <span class='ocr_line' id='line_1_3' title="bbox 123 445 1141 533; baseline 0 -19"><span class='ocrx_word' id='word_1_9' title='bbox 123 450 317 532; x_wconf 82' lang='grc' dir='ltr'><strong><em>ἀνθρώποις</em></strong></span> <span class='ocrx_word' id='word_1_10' title='bbox 344 449 526 533; x_wconf 87' lang='grc' dir='ltr'><strong><em>ὀφείλεται,</em></strong></span> <span class='ocrx_word' id='word_1_11' title='bbox 553 459 666 526; x_wconf 84' lang='grc' dir='ltr'><strong><em>κακοῖς</em></strong></span> <span class='ocrx_word' id='word_1_12' title='bbox 693 472 728 514; x_wconf 90' lang='grc' dir='ltr'><strong><em>τε</em></strong></span> <span class='ocrx_word' id='word_1_13' title='bbox 756 445 811 513; x_wconf 81' lang='grc' dir='ltr'><strong><em>καὶ</em></strong></span> <span class='ocrx_word' id='word_1_14' title='bbox 834 448 990 531; x_wconf 78' lang='grc' dir='ltr'><strong><em>ἀγαθοῖς·</em></strong></span> <span class='ocrx_word' id='word_1_15' title='bbox 1031 454 1141 526; x_wconf 81' lang='grc' dir='ltr'><strong><em>καλῶς</em></strong></span> 
     </span>
     <span class='ocr_line' id='line_1_4' title="bbox 124 553 809 639; baseline -0.004 -18"><span class='ocrx_word' id='word_1_16' title='bbox 124 553 161 621; x_wconf 71' lang='grc' dir='ltr'><strong><em>δὲ</em></strong></span> <span class='ocrx_word' id='word_1_17' title='bbox 183 553 239 621; x_wconf 82' lang='grc' dir='ltr'><strong><em>καὶ</em></strong></span> <span class='ocrx_word' id='word_1_18' title='bbox 263 555 405 633; x_wconf 76' lang='grc' dir='ltr'><strong><em>ἐνδόξως</em></strong></span> <span class='ocrx_word' id='word_1_19' title='bbox 428 557 544 639; x_wconf 89' lang='grc' dir='ltr'><strong><em>μόνοις</em></strong></span> <span class='ocrx_word' id='word_1_20' title='bbox 566 565 636 630; x_wconf 88' lang='grc' dir='ltr'><strong><em>τοῖς</em></strong></span> <span class='ocrx_word' id='word_1_21' title='bbox 659 554 809 638; x_wconf 77' lang='grc' dir='ltr'><em>ἀγαθοῖς.</em></span> 
     </span>
     <span class='ocr_line' id='line_1_5' title="bbox 189 658 1139 744; baseline 0.001 -20"><span class='ocrx_word' id='word_1_22' title='bbox 189 661 228 725; x_wconf 91' lang='lat' dir='ltr'><strong><em>X.</em></strong></span> <span class='ocrx_word' id='word_1_23' title='bbox 249 660 322 726; x_wconf 84' lang='grc' dir='ltr'><strong><em>Ἔτι</em></strong></span> <span class='ocrx_word' id='word_1_24' title='bbox 346 658 376 725; x_wconf 87' lang='grc' dir='ltr'><strong><em>δ’</em></strong></span> <span class='ocrx_word' id='word_1_25' title='bbox 399 661 504 725; x_wconf 84' lang='grc' dir='ltr'><strong><em>αὐτοῦ</em></strong></span> <span class='ocrx_word' id='word_1_26' title='bbox 526 659 682 744; x_wconf 86' lang='grc' dir='ltr'><strong><em>λέγοντος</em></strong></span> <span class='ocrx_word' id='word_1_27' title='bbox 704 662 744 724; x_wconf 82' lang='grc' dir='ltr'><strong><em>τά</em></strong></span> <span class='ocrx_word' id='word_1_28' title='bbox 763 661 810 736; x_wconf 89' lang='grc' dir='ltr'><strong><em>είς</em></strong></span> <span class='ocrx_word' id='word_1_29' title='bbox 827 661 865 724; x_wconf 83' lang='grc' dir='ltr'><strong><em>τὸ</em></strong></span> <span class='ocrx_word' id='word_1_30' title='bbox 883 670 1042 741; x_wconf 91' lang='grc' dir='ltr'><strong><em>γενναῖον</em></strong></span> <span class='ocrx_word' id='word_1_31' title='bbox 1062 660 1139 725; x_wconf 84' lang='grc' dir='ltr'><strong><em>ἐπα-</em></strong></span> 
     </span>
     <span class='ocr_line' id='line_1_6' title="bbox 96 764 1139 853; baseline 0 -22"><span class='ocrx_word' id='word_1_32' title='bbox 96 769 215 850; x_wconf 73' lang='grc' dir='ltr'><strong><em>σγωγά</em></strong></span> <span class='ocrx_word' id='word_1_33' title='bbox 242 768 372 853; x_wconf 86' lang='grc' dir='ltr'><strong><em>θάρσος</em></strong></span> <span class='ocrx_word' id='word_1_34' title='bbox 398 791 429 830; x_wconf 93' lang='grc' dir='ltr'><strong><em>τι</em></strong></span> <span class='ocrx_word' id='word_1_35' title='bbox 457 768 634 851; x_wconf 90' lang='grc' dir='ltr'><strong><em>δαιμόνιον</em></strong></span> <span class='ocrx_word' id='word_1_36' title='bbox 662 767 811 850; x_wconf 78' lang='grc' dir='ltr'><strong><em>ἐμπίπτει</em></strong></span> <span class='ocrx_word' id='word_1_37' title='bbox 838 774 878 850; x_wconf 82' lang='grc' dir='ltr'><strong><em>τή</em></strong></span> <span class='ocrx_word' id='word_1_38' title='bbox 901 774 1055 852; x_wconf 80' lang='grc' dir='ltr'><strong><em>στρατιᾷ,</em></strong></span> <span class='ocrx_word' id='word_1_39' title='bbox 1083 764 1139 831; x_wconf 80' lang='grc' dir='ltr'><strong><em>καὶ</em></strong></span> 
     </span>
     <span class='ocr_line' id='line_1_7' title="bbox 123 871 1139 958; baseline -0.002 -21"><span class='ocrx_word' id='word_1_40' title='bbox 123 873 234 958; x_wconf 82' lang='grc' dir='ltr'><strong><em>ὥσπερ</em></strong></span> <span class='ocrx_word' id='word_1_41' title='bbox 258 873 293 938; x_wconf 83' lang='grc' dir='ltr'><strong><em>ἐκ</em></strong></span> <span class='ocrx_word' id='word_1_42' title='bbox 316 882 392 958; x_wconf 85' lang='grc' dir='ltr'><strong><em>μιᾶς</em></strong></span> <span class='ocrx_word' id='word_1_43' title='bbox 414 882 521 957; x_wconf 79' lang='grc' dir='ltr'><strong><em>ψυχῆς</em></strong></span> <span class='ocrx_word' id='word_1_44' title='bbox 544 873 686 948; x_wconf 86' lang='grc' dir='ltr'><strong><em>ἀπαντες</em></strong></span> <span class='ocrx_word' id='word_1_45' title='bbox 704 873 891 955; x_wconf 85' lang='grc' dir='ltr'><strong><em>ἀνεβόησαν</em></strong></span> <span class='ocrx_word' id='word_1_46' title='bbox 909 872 989 956; x_wconf 87' lang='grc' dir='ltr'><strong><em>ἀμα·</em></strong></span> <span class='ocrx_word' id='word_1_47' title='bbox 1012 871 1139 956; x_wconf 79' lang='grc' dir='ltr'><em>Θάρσει</em></span> 
     </span>
     <span class='ocr_line' id='line_1_8' title="bbox 121 977 1141 1063; baseline -0.001 -21"><span class='ocrx_word' id='word_1_48' title='bbox 121 1001 156 1044; x_wconf 89' lang='grc' dir='ltr'><strong><em>τε</em></strong></span> <span class='ocrx_word' id='word_1_49' title='bbox 179 977 235 1044; x_wconf 82' lang='grc' dir='ltr'><strong><em>καὶ</em></strong></span> <span class='ocrx_word' id='word_1_50' title='bbox 257 980 324 1063; x_wconf 89' lang='grc' dir='ltr'><strong><em>ἀγε.</em></strong></span> <span class='ocrx_word' id='word_1_51' title='bbox 366 977 421 1044; x_wconf 80' lang='grc' dir='ltr'><strong><em>καὶ</em></strong></span> <span class='ocrx_word' id='word_1_52' title='bbox 445 979 462 1044; x_wconf 87' lang='grc' dir='ltr'>ὁ</span> <span class='ocrx_word' id='word_1_53' title='bbox 487 981 677 1062; x_wconf 75' lang='grc' dir='ltr'><strong><em>Ποστόμιος</em></strong></span> <span class='ocrx_word' id='word_1_54' title='bbox 700 978 874 1055; x_wconf 79' lang='grc' dir='ltr'><strong><em>ἐπαινέσας</em></strong></span> <span class='ocrx_word' id='word_1_55' title='bbox 896 979 934 1042; x_wconf 86' lang='grc' dir='ltr'><strong><em>τὸ</em></strong></span> <span class='ocrx_word' id='word_1_56' title='bbox 957 979 1141 1063; x_wconf 76' lang='grc' dir='ltr'><strong><em>πρόθυμον</em></strong></span> 
     </span>
     <span class='ocr_line' id='line_1_9' title="bbox 122 1080 1139 1168; baseline -0.001 -19"><span class='ocrx_word' id='word_1_57' title='bbox 122 1083 310 1150; x_wconf 74' lang='grc' dir='ltr'><strong><em>αὐτῶνκαὶ</em></strong></span> <span class='ocrx_word' id='word_1_58' title='bbox 333 1097 403 1162; x_wconf 90' lang='grc' dir='ltr'><strong><em>τοῖς</em></strong></span> <span class='ocrx_word' id='word_1_59' title='bbox 426 1091 520 1161; x_wconf 92' lang='grc' dir='ltr'><strong><em>θεοῖς</em></strong></span> <span class='ocrx_word' id='word_1_60' title='bbox 543 1084 740 1168; x_wconf 85' lang='grc' dir='ltr'><strong><em>εὐξάμενος,</em></strong></span> <span class='ocrx_word' id='word_1_61' title='bbox 765 1083 822 1148; x_wconf 83' lang='grc' dir='ltr'><strong><em>ἐὰν</em></strong></span> <span class='ocrx_word' id='word_1_62' title='bbox 846 1080 980 1167; x_wconf 73' lang='grc' dir='ltr'><strong><em>εὐτυχὲς</em></strong></span> <span class='ocrx_word' id='word_1_63' title='bbox 1002 1081 1059 1148; x_wconf 80' lang='grc' dir='ltr'><strong><em>καὶ</em></strong></span> <span class='ocrx_word' id='word_1_64' title='bbox 1081 1107 1139 1148; x_wconf 88' lang='grc' dir='ltr'><strong><em>κα-</em></strong></span> 
     </span>
     <span class='ocr_line' id='line_1_10' title="bbox 123 1189 1140 1274; baseline 0 -21"><span class='ocrx_word' id='word_1_65' title='bbox 123 1192 184 1255; x_wconf 91' lang='grc' dir='ltr'><strong><em>λὸν</em></strong></span> <span class='ocrx_word' id='word_1_66' title='bbox 215 1189 308 1267; x_wconf 80' lang='grc' dir='ltr'><strong><em>τέλος</em></strong></span> <span class='ocrx_word' id='word_1_67' title='bbox 337 1190 551 1274; x_wconf 74' lang='grc' dir='ltr'><strong><em>ἀκολουθήσῃ</em></strong></span> <span class='ocrx_word' id='word_1_68' title='bbox 579 1199 618 1273; x_wconf 83' lang='grc' dir='ltr'><strong><em>τή</em></strong></span> <span class='ocrx_word' id='word_1_69' title='bbox 646 1190 747 1274; x_wconf 87' lang='grc' dir='ltr'><strong><em>μάχη,</em></strong></span> <span class='ocrx_word' id='word_1_70' title='bbox 780 1195 904 1265; x_wconf 91' lang='grc' dir='ltr'><strong><em>θυσίας</em></strong></span> <span class='ocrx_word' id='word_1_71' title='bbox 930 1212 965 1252; x_wconf 91' lang='grc' dir='ltr'><strong><em>τε</em></strong></span> <span class='ocrx_word' id='word_1_72' title='bbox 994 1189 1140 1273; x_wconf 79' lang='grc' dir='ltr'><strong><em>μεγάλας</em></strong></span> 
     </span>
     <span class='ocr_line' id='line_1_11' title="bbox 83 1292 1139 1380; baseline 0.001 -21"><span class='ocrx_word' id='word_1_73' title='bbox 83 1312 110 1351; x_wconf 89' lang='lat'><strong><em>10</em></strong></span> <span class='ocrx_word' id='word_1_74' title='bbox 124 1295 187 1360; x_wconf 89' lang='grc' dir='ltr'><strong><em>ἀπὸ</em></strong></span> <span class='ocrx_word' id='word_1_75' title='bbox 216 1302 349 1360; x_wconf 84' lang='grc' dir='ltr'><strong><em>πολλῶν</em></strong></span> <span class='ocrx_word' id='word_1_76' title='bbox 378 1293 575 1360; x_wconf 81' lang='grc' dir='ltr'><strong><em>ἐπιτελέσειν</em></strong></span> <span class='ocrx_word' id='word_1_77' title='bbox 602 1296 779 1380; x_wconf 91' lang='grc' dir='ltr'><strong><em>χρημάτων</em></strong></span> <span class='ocrx_word' id='word_1_78' title='bbox 807 1292 862 1359; x_wconf 85' lang='grc' dir='ltr'><strong><em>καὶ</em></strong></span> <span class='ocrx_word' id='word_1_79' title='bbox 885 1295 1017 1377; x_wconf 83' lang='grc' dir='ltr'><strong><em>ἀγῶνας</em></strong></span> <span class='ocrx_word' id='word_1_80' title='bbox 1040 1319 1139 1360; x_wconf 89' lang='grc' dir='ltr'><strong><em>κατα-</em></strong></span> 
     </span>
     <span class='ocr_line' id='line_1_12' title="bbox 123 1395 1139 1484; baseline 0.001 -19"><span class='ocrx_word' id='word_1_81' title='bbox 123 1404 306 1483; x_wconf 73' lang='grc' dir='ltr'><strong><em>στήσεσθαι</em></strong></span> <span class='ocrx_word' id='word_1_82' title='bbox 329 1407 529 1483; x_wconf 79' lang='grc' dir='ltr'><strong><em>πολυτελεῖς,</em></strong></span> <span class='ocrx_word' id='word_1_83' title='bbox 554 1400 613 1477; x_wconf 82' lang='grc' dir='ltr'><strong><em>οὓς</em></strong></span> <span class='ocrx_word' id='word_1_84' title='bbox 635 1401 705 1478; x_wconf 82' lang='grc' dir='ltr'><strong><em>ἄξει</em></strong></span> <span class='ocrx_word' id='word_1_85' title='bbox 724 1400 742 1466; x_wconf 88' lang='grc' dir='ltr'><strong><em>δ</em></strong></span> <span class='ocrx_word' id='word_1_86' title='bbox 760 1395 930 1484; x_wconf 91' lang='grc' dir='ltr'><strong><em>Ῥωμαίων</em></strong></span> <span class='ocrx_word' id='word_1_87' title='bbox 950 1401 1056 1484; x_wconf 84' lang='grc' dir='ltr'><strong><em>δήμος</em></strong></span> <span class='ocrx_word' id='word_1_88' title='bbox 1074 1402 1139 1466; x_wconf 80' lang='grc' dir='ltr'><strong><em>ἀνὰ</em></strong></span> 
     </span>
     <span class='ocr_line' id='line_1_13' title="bbox 87 1502 1137 1592; baseline 0.002 -21"><span class='ocrx_word' id='word_1_89' title='bbox 87 1507 189 1571; x_wconf 79' lang='grc' dir='ltr'><strong><em>2πᾶν</em></strong></span> <span class='ocrx_word' id='word_1_90' title='bbox 213 1509 294 1588; x_wconf 84' lang='grc' dir='ltr'><strong><em>ἐτος,</em></strong></span> <span class='ocrx_word' id='word_1_91' title='bbox 320 1506 482 1572; x_wconf 82' lang='grc' dir='ltr'><strong><em>ἀπέλυσεν</em></strong></span> <span class='ocrx_word' id='word_1_92' title='bbox 504 1504 557 1571; x_wconf 83' lang='grc' dir='ltr'><strong><em>ἐπὶ</em></strong></span> <span class='ocrx_word' id='word_1_93' title='bbox 574 1508 632 1582; x_wconf 82' lang='grc' dir='ltr'><strong><em>τὰς</em></strong></span> <span class='ocrx_word' id='word_1_94' title='bbox 650 1506 765 1585; x_wconf 85' lang='grc' dir='ltr'><strong><em>τάξεις.</em></strong></span> <span class='ocrx_word' id='word_1_95' title='bbox 801 1508 846 1584; x_wconf 76' lang='grc' dir='ltr'><strong><em>ὡς</em></strong></span> <span class='ocrx_word' id='word_1_96' title='bbox 865 1502 902 1572; x_wconf 69' lang='grc' dir='ltr'><strong><em>δὲ</em></strong></span> <span class='ocrx_word' id='word_1_97' title='bbox 919 1508 957 1571; x_wconf 88' lang='grc' dir='ltr'><strong><em>τὸ</em></strong></span> <span class='ocrx_word' id='word_1_98' title='bbox 977 1508 1137 1592; x_wconf 90' lang='grc' dir='ltr'><strong><em>σύνθημα</em></strong></span> 
     </span>
     <span class='ocr_line' id='line_1_14' title="bbox 122 1610 1203 1698; baseline -0.002 -22"><span class='ocrx_word' id='word_1_99' title='bbox 122 1614 160 1678; x_wconf 86' lang='grc' dir='ltr'><strong><em>τὸ</em></strong></span> <span class='ocrx_word' id='word_1_100' title='bbox 183 1613 272 1695; x_wconf 78' lang='grc' dir='ltr'><strong><em>παρὰ</em></strong></span> <span class='ocrx_word' id='word_1_101' title='bbox 294 1624 361 1678; x_wconf 82' lang='grc' dir='ltr'><strong><em>τῶν</em></strong></span> <span class='ocrx_word' id='word_1_102' title='bbox 379 1613 554 1696; x_wconf 78' lang='grc' dir='ltr'><strong><em>ἡγεμόνων</em></strong></span> <span class='ocrx_word' id='word_1_103' title='bbox 571 1611 762 1698; x_wconf 80' lang='grc' dir='ltr'><strong><em>παρέλαβον</em></strong></span> <span class='ocrx_word' id='word_1_104' title='bbox 779 1610 835 1678; x_wconf 82' lang='grc' dir='ltr'><strong><em>καὶ</em></strong></span> <span class='ocrx_word' id='word_1_105' title='bbox 852 1615 892 1678; x_wconf 85' lang='grc' dir='ltr'><strong><em>τά</em></strong></span> <span class='ocrx_word' id='word_1_106' title='bbox 909 1615 1203 1698; x_wconf 78' lang='grc' dir='ltr'><strong><em>παρακλητικά1059</em></strong></span> 
     </span>
     <span class='ocr_line' id='line_1_15' title="bbox 120 1718 1136 1808; baseline 0.003 -27"><span class='ocrx_word' id='word_1_107' title='bbox 120 1726 178 1801; x_wconf 87' lang='grc' dir='ltr'><strong><em>τής</em></strong></span> <span class='ocrx_word' id='word_1_108' title='bbox 201 1719 305 1802; x_wconf 91' lang='grc' dir='ltr'><strong><em>μάχης</em></strong></span> <span class='ocrx_word' id='word_1_109' title='bbox 328 1719 365 1782; x_wconf 80' lang='grc' dir='ltr'><strong><em>αἱ</em></strong></span> <span class='ocrx_word' id='word_1_110' title='bbox 386 1719 562 1808; x_wconf 80' lang='grc' dir='ltr'><strong><em>σάλπιγγες</em></strong></span> <span class='ocrx_word' id='word_1_111' title='bbox 585 1718 855 1801; x_wconf 80' lang='grc' dir='ltr'><strong><em>ἐνεκελεύσαντο,</em></strong></span> <span class='ocrx_word' id='word_1_112' title='bbox 883 1719 1033 1804; x_wconf 81' lang='grc' dir='ltr'><strong><em>ἐχώρουν</em></strong></span> <span class='ocrx_word' id='word_1_113' title='bbox 1058 1720 1136 1784; x_wconf 91' lang='grc' dir='ltr'><strong><em>ἀλα-</em></strong></span> 
     </span>
     <span class='ocr_line' id='line_1_16' title="bbox 82 1822 1136 1909; baseline 0.003 -20"><span class='ocrx_word' id='word_1_114' title='bbox 82 1840 108 1880; x_wconf 74' lang='lat'><strong><em>15</em></strong></span> <span class='ocrx_word' id='word_1_115' title='bbox 122 1825 279 1902; x_wconf 87' lang='grc' dir='ltr'><strong><em>λάξαντες</em></strong></span> <span class='ocrx_word' id='word_1_116' title='bbox 306 1823 422 1908; x_wconf 85' lang='grc' dir='ltr'><strong><em>ὁμόσε,</em></strong></span> <span class='ocrx_word' id='word_1_117' title='bbox 451 1834 584 1909; x_wconf 79' lang='grc' dir='ltr'><strong><em>πρῶτον</em></strong></span> <span class='ocrx_word' id='word_1_118' title='bbox 612 1822 673 1909; x_wconf 78' lang='grc' dir='ltr'><strong><em>μὲν</em></strong></span> <span class='ocrx_word' id='word_1_119' title='bbox 702 1825 737 1889; x_wconf 85' lang='grc' dir='ltr'><strong><em>οί</em></strong></span> <span class='ocrx_word' id='word_1_120' title='bbox 762 1828 858 1902; x_wconf 78' lang='grc' dir='ltr'><strong><em>ψιλοί</em></strong></span> <span class='ocrx_word' id='word_1_121' title='bbox 881 1848 916 1890; x_wconf 87' lang='grc' dir='ltr'><strong><em>τε</em></strong></span> <span class='ocrx_word' id='word_1_122' title='bbox 944 1823 999 1890; x_wconf 80' lang='grc' dir='ltr'><strong><em>καὶ</em></strong></span> <span class='ocrx_word' id='word_1_123' title='bbox 1028 1827 1136 1903; x_wconf 75' lang='grc' dir='ltr'><strong><em>ἱππεῖς</em></strong></span> 
     </span>
     <span class='ocr_line' id='line_1_17' title="bbox 44 1925 1136 2016; baseline 0.003 -21"><span class='ocrx_word' id='word_1_124' title='bbox 44 1977 47 1982; x_wconf 89' lang='lat'><em>-</em></span> <span class='ocrx_word' id='word_1_125' title='bbox 121 1925 179 2014; x_wconf 88' lang='grc' dir='ltr'><strong><em>ἀφ’</em></strong></span> <span class='ocrx_word' id='word_1_126' title='bbox 201 1929 378 2016; x_wconf 81' lang='grc' dir='ltr'><strong><em>ἑκατέρων,</em></strong></span> <span class='ocrx_word' id='word_1_127' title='bbox 403 1925 509 1995; x_wconf 80' lang='grc' dir='ltr'><strong><em>ἔπειθ’</em></strong></span> <span class='ocrx_word' id='word_1_128' title='bbox 532 1931 569 1995; x_wconf 85' lang='grc' dir='ltr'><strong><em>αί</em></strong></span> <span class='ocrx_word' id='word_1_129' title='bbox 589 1929 682 2009; x_wconf 81' lang='grc' dir='ltr'><strong><em>πεζαὶ</em></strong></span> <span class='ocrx_word' id='word_1_130' title='bbox 705 1931 872 2014; x_wconf 84' lang='grc' dir='ltr'><strong><em>φάλαγγες</em></strong></span> <span class='ocrx_word' id='word_1_131' title='bbox 895 1931 1080 2015; x_wconf 82' lang='grc' dir='ltr'><strong><em>ὁπλισμούς</em></strong></span> <span class='ocrx_word' id='word_1_132' title='bbox 1102 1957 1136 1998; x_wconf 87' lang='grc' dir='ltr'><strong><em>τε</em></strong></span> 
     </span>
     <span class='ocr_line' id='line_1_18' title="bbox 121 2033 1136 2121; baseline 0.003 -20"><span class='ocrx_word' id='word_1_133' title='bbox 121 2033 176 2101; x_wconf 82' lang='grc' dir='ltr'><strong><em>καὶ</em></strong></span> <span class='ocrx_word' id='word_1_134' title='bbox 198 2036 304 2115; x_wconf 86' lang='grc' dir='ltr'><strong><em>τάξεις</em></strong></span> <span class='ocrx_word' id='word_1_135' title='bbox 350 2034 466 2120; x_wconf 89' lang='grc' dir='ltr'><strong><em>ὁμοίας</em></strong></span> <span class='ocrx_word' id='word_1_136' title='bbox 488 2038 637 2121; x_wconf 79' lang='grc' dir='ltr'><strong><em>ἔχουσαι·</em></strong></span> <span class='ocrx_word' id='word_1_137' title='bbox 669 2034 723 2101; x_wconf 80' lang='grc' dir='ltr'><strong><em>καὶ</em></strong></span> <span class='ocrx_word' id='word_1_138' title='bbox 748 2040 875 2120; x_wconf 89' lang='grc' dir='ltr'><strong><em>γίνεται</em></strong></span> <span class='ocrx_word' id='word_1_139' title='bbox 897 2037 1034 2104; x_wconf 89' lang='grc' dir='ltr'><strong><em>πάντων</em></strong></span> <span class='ocrx_word' id='word_1_140' title='bbox 1058 2039 1136 2104; x_wconf 89' lang='grc' dir='ltr'><strong><em>ἀνα-</em></strong></span> 
     </span>
     <span class='ocr_line' id='line_1_19' title="bbox 121 2140 1136 2229; baseline 0.005 -24"><span class='ocrx_word' id='word_1_141' title='bbox 121 2141 175 2226; x_wconf 83' lang='grc' dir='ltr'><strong><em>μὶξ</em></strong></span> <span class='ocrx_word' id='word_1_142' title='bbox 213 2140 411 2227; x_wconf 83' lang='grc' dir='ltr'><strong><em>μαχομένων</em></strong></span> <span class='ocrx_word' id='word_1_143' title='bbox 447 2144 605 2228; x_wconf 89' lang='grc' dir='ltr'><strong><em>καρτερὸς</em></strong></span> <span class='ocrx_word' id='word_1_144' title='bbox 637 2142 728 2226; x_wconf 82' lang='grc' dir='ltr'><strong><em>ἀγὼν</em></strong></span> <span class='ocrx_word' id='word_1_145' title='bbox 762 2140 817 2207; x_wconf 82' lang='grc' dir='ltr'><strong><em>καὶ</em></strong></span> <span class='ocrx_word' id='word_1_146' title='bbox 852 2143 889 2208; x_wconf 87' lang='grc' dir='ltr'><strong><em>ἐν</em></strong></span> <span class='ocrx_word' id='word_1_147' title='bbox 921 2142 1014 2229; x_wconf 80' lang='grc' dir='ltr'><strong><em>χερσὶ</em></strong></span> <span class='ocrx_word' id='word_1_148' title='bbox 1047 2154 1136 2210; x_wconf 88' lang='grc' dir='ltr'><strong><em>πᾶσα</em></strong></span> 
     </span>
     <span class='ocr_line' id='line_1_20' title="bbox 85 2245 1136 2336; baseline 0.002 -22"><span class='ocrx_word' id='word_1_149' title='bbox 85 2248 141 2331; x_wconf 83' lang='grc' dir='ltr'><strong><em>3η</em></strong></span> <span class='ocrx_word' id='word_1_150' title='bbox 171 2249 267 2333; x_wconf 92' lang='grc' dir='ltr'><strong><em>μάχη.</em></strong></span> <span class='ocrx_word' id='word_1_151' title='bbox 314 2248 358 2324; x_wconf 84' lang='grc' dir='ltr'><strong><em>ὡς</em></strong></span> <span class='ocrx_word' id='word_1_152' title='bbox 386 2245 423 2312; x_wconf 71' lang='grc' dir='ltr'><strong><em>δὲ</em></strong></span> <span class='ocrx_word' id='word_1_153' title='bbox 450 2251 537 2313; x_wconf 86' lang='grc' dir='ltr'><strong><em>πολὺ</em></strong></span> <span class='ocrx_word' id='word_1_154' title='bbox 563 2250 601 2313; x_wconf 83' lang='grc' dir='ltr'><strong><em>τὸ</em></strong></span> <span class='ocrx_word' id='word_1_155' title='bbox 629 2249 821 2332; x_wconf 89' lang='grc' dir='ltr'><strong><em>παράλογον</em></strong></span> <span class='ocrx_word' id='word_1_156' title='bbox 849 2248 1051 2334; x_wconf 84' lang='grc' dir='ltr'><strong><em>ἀμφοτέροις</em></strong></span> <span class='ocrx_word' id='word_1_157' title='bbox 1078 2262 1136 2336; x_wconf 80' lang='grc' dir='ltr'><strong><em>τῆς</em></strong></span> 
     </span>
     <span class='ocr_line' id='line_1_21' title="bbox 83 2349 1135 2442; baseline 0.007 -27"><span class='ocrx_word' id='word_1_158' title='bbox 83 2373 110 2412; x_wconf 80' lang='grc' dir='ltr'><strong><em>ιο</em></strong></span> <span class='ocrx_word' id='word_1_159' title='bbox 125 2354 223 2438; x_wconf 86' lang='grc' dir='ltr'><strong><em>δόξης</em></strong></span> <span class='ocrx_word' id='word_1_160' title='bbox 246 2349 344 2438; x_wconf 86' lang='grc' dir='ltr'><strong><em>&lt;ήν&gt;·</em></strong></span> <span class='ocrx_word' id='word_1_161' title='bbox 377 2354 548 2442; x_wconf 75' lang='grc' dir='ltr'><strong><em>οὐδέτεροι</em></strong></span> <span class='ocrx_word' id='word_1_162' title='bbox 571 2356 634 2439; x_wconf 89' lang='grc' dir='ltr'><strong><em>γάρ</em></strong></span> <span class='ocrx_word' id='word_1_163' title='bbox 659 2356 850 2432; x_wconf 82' lang='grc' dir='ltr'><strong><em>ἐλπίσαντες</em></strong></span> <span class='ocrx_word' id='word_1_164' title='bbox 873 2356 977 2440; x_wconf 90' lang='grc' dir='ltr'><strong><em>μάχης</em></strong></span> <span class='ocrx_word' id='word_1_165' title='bbox 1001 2358 1135 2441; x_wconf 82' lang='grc' dir='ltr'><strong><em>δεήσειν</em></strong></span> 
     </span>
     <span class='ocr_line' id='line_1_22' title="bbox 120 2460 1135 2548; baseline 0.006 -24"><span class='ocrx_word' id='word_1_166' title='bbox 120 2464 254 2544; x_wconf 92' lang='grc' dir='ltr'><strong><em>σφίσιν,</em></strong></span> <span class='ocrx_word' id='word_1_167' title='bbox 283 2460 365 2525; x_wconf 86' lang='grc' dir='ltr'><strong><em>ἀλλά</em></strong></span> <span class='ocrx_word' id='word_1_168' title='bbox 393 2469 432 2546; x_wconf 81' lang='grc' dir='ltr'><strong><em>τή</em></strong></span> <span class='ocrx_word' id='word_1_169' title='bbox 459 2461 572 2547; x_wconf 84' lang='grc' dir='ltr'><strong><em>πρώτη</em></strong></span> <span class='ocrx_word' id='word_1_170' title='bbox 601 2461 713 2548; x_wconf 86' lang='grc' dir='ltr'><strong><em>ἐφόδφ</em></strong></span> <span class='ocrx_word' id='word_1_171' title='bbox 741 2464 820 2538; x_wconf 85' lang='grc' dir='ltr'><strong><em>τοὺς</em></strong></span> <span class='ocrx_word' id='word_1_172' title='bbox 846 2464 1027 2545; x_wconf 89' lang='grc' dir='ltr'><strong><em>πολεμίους</em></strong></span> <span class='ocrx_word' id='word_1_173' title='bbox 1053 2464 1135 2529; x_wconf 84' lang='grc' dir='ltr'><strong><em>ὑπο-</em></strong></span> 
     </span>
     <span class='ocr_line' id='line_1_23' title="bbox 121 2562 1135 2654; baseline 0.004 -23"><span class='ocrx_word' id='word_1_174' title='bbox 121 2569 279 2649; x_wconf 81' lang='grc' dir='ltr'><strong><em>λαβόντες</em></strong></span> <span class='ocrx_word' id='word_1_175' title='bbox 302 2569 482 2649; x_wconf 86' lang='grc' dir='ltr'><strong><em>φοβήσειν,</em></strong></span> <span class='ocrx_word' id='word_1_176' title='bbox 510 2571 651 2631; x_wconf 85' lang='grc' dir='ltr'><strong><em>Λατῖνοι</em></strong></span> <span class='ocrx_word' id='word_1_177' title='bbox 675 2562 737 2651; x_wconf 69' lang='grc' dir='ltr'><strong><em>μὲν</em></strong></span> <span class='ocrx_word' id='word_1_178' title='bbox 760 2575 805 2654; x_wconf 76' lang='grc' dir='ltr'><strong><em>τῷ</em></strong></span> <span class='ocrx_word' id='word_1_179' title='bbox 828 2570 950 2650; x_wconf 89' lang='grc' dir='ltr'><strong><em>πλήθει</em></strong></span> <span class='ocrx_word' id='word_1_180' title='bbox 973 2578 1032 2652; x_wconf 87' lang='grc' dir='ltr'><strong><em>τής</em></strong></span> <span class='ocrx_word' id='word_1_181' title='bbox 1055 2586 1135 2653; x_wconf 89' lang='grc' dir='ltr'><strong><em>σφε-</em></strong></span> 
     </span>
     <span class='ocr_line' id='line_1_24' title="bbox 119 2669 1134 2763; baseline 0.007 -28"><span class='ocrx_word' id='word_1_182' title='bbox 119 2672 216 2757; x_wconf 85' lang='grc' dir='ltr'><strong><em>τέρας</em></strong></span> <span class='ocrx_word' id='word_1_183' title='bbox 243 2672 346 2737; x_wconf 82' lang='grc' dir='ltr'><strong><em>ἴππου</em></strong></span> <span class='ocrx_word' id='word_1_184' title='bbox 375 2673 623 2755; x_wconf 86' lang='grc' dir='ltr'><strong><em>πιστεύσαντες,</em></strong></span> <span class='ocrx_word' id='word_1_185' title='bbox 654 2669 693 2756; x_wconf 87' lang='grc' dir='ltr'><strong><em>ής</em></strong></span> <span class='ocrx_word' id='word_1_186' title='bbox 716 2671 856 2737; x_wconf 76' lang='grc' dir='ltr'><strong><em>οὐδὲτὸ</em></strong></span> <span class='ocrx_word' id='word_1_187' title='bbox 880 2673 1002 2762; x_wconf 77' lang='grc' dir='ltr'><strong><em>ρόθιρυ</em></strong></span> <span class='ocrx_word' id='word_1_188' title='bbox 1026 2674 1134 2763; x_wconf 76' lang='grc' dir='ltr'><strong><em>ςόοντο</em></strong></span> 
     </span>
     <span class='ocr_line' id='line_1_25' title="bbox 119 2773 1134 2868; baseline 0.006 -27"><span class='ocrx_word' id='word_1_189' title='bbox 119 2779 198 2853; x_wconf 86' lang='grc' dir='ltr'><strong><em>τοὺς</em></strong></span> <span class='ocrx_word' id='word_1_190' title='bbox 212 2773 392 2862; x_wconf 90' lang='grc' dir='ltr'><strong><em>Ῥωμαίους</em></strong></span> <span class='ocrx_word' id='word_1_191' title='bbox 406 2780 513 2855; x_wconf 77' lang='grc' dir='ltr'><strong><em>ἱππεῖς</em></strong></span> <span class='ocrx_word' id='word_1_192' title='bbox 528 2778 715 2861; x_wconf 82' lang='grc' dir='ltr'><strong><em>ἀνέξεσθαι,</em></strong></span> <span class='ocrx_word' id='word_1_193' title='bbox 734 2773 888 2862; x_wconf 90' lang='grc' dir='ltr'><strong><em>Ῥωμαῖοι</em></strong></span> <span class='ocrx_word' id='word_1_194' title='bbox 904 2776 940 2844; x_wconf 74' lang='grc' dir='ltr'><strong><em>δὲ</em></strong></span> <span class='ocrx_word' id='word_1_195' title='bbox 955 2781 1045 2868; x_wconf 73' lang='grc' dir='ltr'><strong><em>&lt;τρῖ&gt;</em></strong></span> <span class='ocrx_word' id='word_1_196' title='bbox 1060 2788 1134 2847; x_wconf 90' lang='grc' dir='ltr'><strong><em>τολ-</em></strong></span> 
     </span>
     <span class='ocr_line' id='line_1_26' title="bbox 81 2881 1133 2972; baseline 0.005 -25"><span class='ocrx_word' id='word_1_197' title='bbox 81 2900 107 2941; x_wconf 72' lang='lat'><strong><em>25</em></strong></span> <span class='ocrx_word' id='word_1_198' title='bbox 121 2894 232 2968; x_wconf 83' lang='grc' dir='ltr'><strong><em>μηρῶς</em></strong></span> <span class='ocrx_word' id='word_1_199' title='bbox 254 2881 309 2949; x_wconf 84' lang='grc' dir='ltr'><strong><em>καὶ</em></strong></span> <span class='ocrx_word' id='word_1_200' title='bbox 333 2882 574 2970; x_wconf 87' lang='grc' dir='ltr'><strong><em>ἀπερισκέπτως</em></strong></span> <span class='ocrx_word' id='word_1_201' title='bbox 593 2882 645 2949; x_wconf 82' lang='grc' dir='ltr'><strong><em>ἐπὶ</em></strong></span> <span class='ocrx_word' id='word_1_202' title='bbox 663 2886 704 2949; x_wconf 89' lang='grc' dir='ltr'><strong><em>τά</em></strong></span> <span class='ocrx_word' id='word_1_203' title='bbox 722 2886 815 2950; x_wconf 87' lang='grc' dir='ltr'><strong><em>δεινά</em></strong></span> <span class='ocrx_word' id='word_1_204' title='bbox 833 2894 1021 2972; x_wconf 87' lang='grc' dir='ltr'><strong><em>χωροῦντες</em></strong></span> <span class='ocrx_word' id='word_1_205' title='bbox 1038 2912 1133 2954; x_wconf 90' lang='grc' dir='ltr'><strong><em>κατα-</em></strong></span> 
     </span>
    </p>
   </div>
   <div class='ocr_carea' id='block_1_3' title="bbox 116 3074 1133 3500">
    <p class='ocr_par' dir='ltr' id='par_1_3' title="bbox 116 3074 1133 3500">
     <span class='ocr_line' id='line_1_27' title="bbox 192 3074 1133 3146; baseline 0.009 -19"><span class='ocrx_word' id='word_1_206' title='bbox 192 3081 206 3127; x_wconf 93' lang='grc'>1</span> <span class='ocrx_word' id='word_1_207' title='bbox 226 3083 312 3129; x_wconf 83' lang='grc' dir='ltr'><strong><em>πᾶσιν</em></strong></span> <span class='ocrx_word' id='word_1_208' title='bbox 333 3074 355 3129; x_wconf 94' lang='lat' dir='ltr'>O</span> <span class='ocrx_word' id='word_1_209' title='bbox 430 3082 444 3131; x_wconf 78' lang='lat'><strong>7</strong></span> <span class='ocrx_word' id='word_1_210' title='bbox 464 3076 638 3146; x_wconf 79' lang='grc' dir='ltr'><strong><em>Ποστούμιος</em></strong></span> <span class='ocrx_word' id='word_1_211' title='bbox 657 3076 732 3130; x_wconf 91' lang='lat' dir='ltr'><strong><em>ABb</em></strong></span> <span class='ocrx_word' id='word_1_212' title='bbox 802 3082 835 3132; x_wconf 88' lang='lat'><strong><em>10</em></strong></span> <span class='ocrx_word' id='word_1_213' title='bbox 855 3077 1091 3146; x_wconf 87' lang='grc' dir='ltr'><strong><em>καταστήσασθαι</em></strong></span> <span class='ocrx_word' id='word_1_214' title='bbox 1110 3080 1133 3134; x_wconf 90' lang='lat'>0</span> 
     </span>
     <span class='ocr_line' id='line_1_28' title="bbox 119 3140 1127 3217; baseline 0.007 -18"><span class='ocrx_word' id='word_1_215' title='bbox 119 3163 188 3200; x_wconf 84' lang='lat' dir='ltr'><strong>corr.</strong></span> <span class='ocrx_word' id='word_1_216' title='bbox 218 3145 377 3214; x_wconf 71' lang='lat' dir='ltr'><strong>Stephanus</strong></span> <span class='ocrx_word' id='word_1_217' title='bbox 469 3153 501 3199; x_wconf 83' lang='lat'><strong><em>19</em></strong></span> <span class='ocrx_word' id='word_1_218' title='bbox 526 3147 562 3209; x_wconf 82' lang='grc' dir='ltr'><strong><em>ὡς</em></strong></span> <span class='ocrx_word' id='word_1_219' title='bbox 585 3145 663 3201; x_wconf 78' lang='grc' dir='ltr'><strong><em>δὲΟ</em></strong></span> <span class='ocrx_word' id='word_1_220' title='bbox 701 3140 736 3214; x_wconf 79' lang='grc' dir='ltr'><strong><em>ἦν</em></strong></span> <span class='ocrx_word' id='word_1_221' title='bbox 761 3145 792 3202; x_wconf 73' lang='grc' dir='ltr'><strong><em>δὲ</em></strong></span> <span class='ocrx_word' id='word_1_222' title='bbox 812 3165 834 3202; x_wconf 87' lang='grc' dir='ltr'><strong><em>ο.</em></strong></span> <span class='ocrx_word' id='word_1_223' title='bbox 853 3147 998 3217; x_wconf 83' lang='lat' dir='ltr'>Kiessling</span> <span class='ocrx_word' id='word_1_224' title='bbox 1036 3152 1073 3214; x_wconf 84' lang='grc' dir='ltr'><strong><em>ὡς</em></strong></span> <span class='ocrx_word' id='word_1_225' title='bbox 1096 3149 1127 3206; x_wconf 72' lang='grc' dir='ltr'><strong><em>δὲ</em></strong></span> 
     </span>
     <span class='ocr_line' id='line_1_29' title="bbox 119 3210 1133 3291; baseline 0.003 -20"><span class='ocrx_word' id='word_1_226' title='bbox 119 3216 204 3285; x_wconf 79' lang='grc' dir='ltr'><strong><em>δόξης</em></strong></span> <span class='ocrx_word' id='word_1_227' title='bbox 221 3210 257 3283; x_wconf 82' lang='grc' dir='ltr'><strong><em>ἦν</em></strong></span> <span class='ocrx_word' id='word_1_228' title='bbox 276 3233 299 3270; x_wconf 82' lang='lat' dir='ltr'><strong><em>e.</em></strong></span> <span class='ocrx_word' id='word_1_229' title='bbox 320 3215 393 3270; x_wconf 79' lang='lat' dir='ltr'><strong>Smit</strong></span> <span class='ocrx_word' id='word_1_230' title='bbox 412 3216 476 3272; x_wconf 72' lang='lat' dir='ltr'>ObS.</span> <span class='ocrx_word' id='word_1_231' title='bbox 496 3235 522 3286; x_wconf 86' lang='lat' dir='ltr'><strong><em>p.</em></strong></span> <span class='ocrx_word' id='word_1_232' title='bbox 539 3224 571 3271; x_wconf 81' lang='lat'><strong><em>21</em></strong></span> <span class='ocrx_word' id='word_1_233' title='bbox 660 3225 693 3272; x_wconf 75' lang='lat'><strong><em>20</em></strong></span> <span class='ocrx_word' id='word_1_234' title='bbox 713 3217 815 3288; x_wconf 85' lang='grc' dir='ltr'><strong><em>μάχαις</em></strong></span> <span class='ocrx_word' id='word_1_235' title='bbox 832 3219 961 3286; x_wconf 88' lang='grc' dir='ltr'><strong><em>ποιήσειν</em></strong></span> <span class='ocrx_word' id='word_1_236' title='bbox 981 3220 1005 3273; x_wconf 87' lang='grc' dir='ltr'><strong>Β</strong></span> <span class='ocrx_word' id='word_1_237' title='bbox 1042 3221 1133 3291; x_wconf 84' lang='grc' dir='ltr'><strong><em>μάχης</em></strong></span> 
     </span>
     <span class='ocr_line' id='line_1_30' title="bbox 120 3286 1131 3365; baseline 0.005 -23"><span class='ocrx_word' id='word_1_238' title='bbox 120 3287 234 3358; x_wconf 83' lang='grc' dir='ltr'><strong><em>ίσχυράς</em></strong></span> <span class='ocrx_word' id='word_1_239' title='bbox 257 3286 369 3353; x_wconf 85' lang='grc' dir='ltr'><strong><em>δεήσειν</em></strong></span> <span class='ocrx_word' id='word_1_240' title='bbox 395 3304 417 3341; x_wconf 86' lang='grc' dir='ltr'><strong><em>ο.</em></strong></span> <span class='ocrx_word' id='word_1_241' title='bbox 437 3287 581 3356; x_wconf 82' lang='lat' dir='ltr'>Kiessling</span> <span class='ocrx_word' id='word_1_242' title='bbox 671 3295 704 3342; x_wconf 79' lang='lat'><strong><em>21</em></strong></span> <span class='ocrx_word' id='word_1_243' title='bbox 724 3288 956 3361; x_wconf 82' lang='grc' dir='ltr'><strong><em>ἀπολαβόντεςΑ</em></strong></span> <span class='ocrx_word' id='word_1_244' title='bbox 1040 3299 1075 3346; x_wconf 78' lang='lat'><strong><em>24</em></strong></span> <span class='ocrx_word' id='word_1_245' title='bbox 1094 3299 1131 3365; x_wconf 78' lang='grc' dir='ltr'><strong><em>τῷ</em></strong></span> 
     </span>
     <span class='ocr_line' id='line_1_31' title="bbox 119 3357 1131 3433; baseline 0.005 -21"><span class='ocrx_word' id='word_1_246' title='bbox 119 3359 173 3413; x_wconf 86' lang='lat' dir='ltr'><strong>del.</strong></span> <span class='ocrx_word' id='word_1_247' title='bbox 193 3357 282 3411; x_wconf 76' lang='lat' dir='ltr'>Cobet</span> <span class='ocrx_word' id='word_1_248' title='bbox 302 3358 367 3413; x_wconf 82' lang='lat' dir='ltr'><strong>Obs.</strong></span> <span class='ocrx_word' id='word_1_249' title='bbox 385 3377 412 3428; x_wconf 89' lang='lat' dir='ltr'><strong><em>p.</em></strong></span> <span class='ocrx_word' id='word_1_250' title='bbox 430 3365 479 3412; x_wconf 86' lang='lat'><strong><em>111</em></strong></span> <span class='ocrx_word' id='word_1_251' title='bbox 497 3365 500 3423; x_wconf 94' lang='grc' dir='ltr'>Ι</span> <span class='ocrx_word' id='word_1_252' title='bbox 516 3363 642 3432; x_wconf 80' lang='grc' dir='ltr'><strong><em>τολμηρῷ</em></strong></span> <span class='ocrx_word' id='word_1_253' title='bbox 662 3359 711 3413; x_wconf 83' lang='grc' dir='ltr'><strong><em>καὶ</em></strong></span> <span class='ocrx_word' id='word_1_254' title='bbox 729 3360 922 3429; x_wconf 81' lang='grc' dir='ltr'><strong><em>ἀπερισκέπτω</em></strong></span> <span class='ocrx_word' id='word_1_255' title='bbox 942 3361 964 3416; x_wconf 91' lang='lat' dir='ltr'>O</span> <span class='ocrx_word' id='word_1_256' title='bbox 1025 3369 1060 3416; x_wconf 77' lang='lat'><strong><em>25</em></strong></span> <span class='ocrx_word' id='word_1_257' title='bbox 1080 3384 1131 3433; x_wconf 90' lang='grc' dir='ltr'><strong><em>χω·</em></strong></span> 
     </span>
     <span class='ocr_line' id='line_1_32' title="bbox 116 3416 914 3500; baseline 0.005 -18"><span class='ocrx_word' id='word_1_258' title='bbox 116 3438 233 3497; x_wconf 80' lang='grc' dir='ltr'><strong><em>ροῖιντες</em></strong></span> <span class='ocrx_word' id='word_1_259' title='bbox 253 3426 274 3481; x_wconf 94' lang='grc'><strong>0</strong></span> <span class='ocrx_word' id='word_1_260' title='bbox 312 3439 449 3500; x_wconf 85' lang='grc' dir='ltr'><strong><em>χωροῦντι</em></strong></span> <span class='ocrx_word' id='word_1_261' title='bbox 468 3429 572 3484; x_wconf 82' lang='lat' dir='ltr'>Reiske</span> <span class='ocrx_word' id='word_1_262' title='bbox 588 3434 592 3499; x_wconf 87' lang='grc' dir='ltr'>Ι</span> <span class='ocrx_word' id='word_1_263' title='bbox 609 3430 844 3498; x_wconf 77' lang='grc' dir='ltr'><strong><em>καταπλήξασθαι</em></strong></span> <span class='ocrx_word' id='word_1_264' title='bbox 862 3416 914 3486; x_wconf 70' lang='lat' dir='ltr'><strong><em>BE</em></strong></span> 
     </span>
    </p>
   </div>
   <div class='ocr_carea' id='block_1_4' title="bbox 0 0 1212 3840">
    <p class='ocr_par' dir='ltr' id='par_1_4' title="bbox 0 0 1212 3840">
     <span class='ocr_line' id='line_1_33' title="bbox 0 0 1212 3840; baseline 0 1"><span class='ocrx_word' id='word_1_265' title='bbox 0 0 1212 3840; x_wconf 95' lang='lat' dir='ltr'><strong><em> </em></strong></span> 
     </span>
    </p>
   </div>
  </div>
 </body>
</html>
