2414 3840
504 180 670 230 -ω-
1031 169 1097 234 M

156 323 335 404 XXXXIH.
368 335 416 404 ‘H
438 335 475 405 δὲ
501 340 631 423 Φιδήνη
659 334 923 422 πολιορκηθεῖσα
951 333 993 398 οὐ
1019 337 1099 398 πολ-

115 434 170 514 Ῑάῖλ
190 445 334 532 ἡμέραις,
364 442 443 512 καθ’
465 446 484 512 ὃ
511 446 652 531 μάλιστα
677 444 869 519 δυσάλωτος
891 435 977 506 εἶναι
1000 438 1101 525 μέρος

119 534 196 617 ἀίδια
210 550 263 619 καὶ
281 547 339 618 ὑπ’
361 553 484 637 ὀλίγων
508 552 725 637 ἐφυλάσσετο,
748 552 831 618 κατὰ
848 544 938 616 τοῦτ’
956 548 1099 631 ἐλήφθη.

111 647 144 714 ⁰¹5
160 660 216 744 μήν
233 659 511 746 ἀνδραποδισμοῦ
533 654 565 744 γ’
587 659 608 744 ή
626 665 839 742 κατασκαφῆς
858 655 1019 741 ἐπειράθη
1040 654 1101 737 φό-

105 775 156 842 Ιὀς
170 764 195 832 τ’
216 767 410 853 ἀνθρώπων
433 767 474 834 οὐ
497 769 603 844 πολὺς
625 765 755 850 ἐγένετο
780 765 860 850 μετά
880 765 941 847 τήν
960 763 1125 827 ἀλωσιυ·σ

90 861 261 960 ἀποχρῶσα
282 875 349 960 γάρ
372 872 479 958 ἐφάνη
503 876 600 958 ζημία
622 883 692 949 τοῖς
715 871 854 948 ὑπάτοις
875 873 1002 947 πόλεως
1022 868 1100 953 ὁμο-

82 983 209 1059 θθνοῦς
236 980 449 1066 ἁμαρτούσης
476 980 608 1067 ἁρπαγή
636 980 814 1065 χρημάτων
841 975 955 1043 τεκαὶ
978 975 1100 1062 ἀνδρα-

70 1090 200 1156 πόδων
217 1085 273 1154 καὶ
292 1087 311 1153 δ
329 1098 397 1153 τῶν
414 1089 497 1153 κατδι
515 1089 577 1172 τήν
591 1087 700 1173 μάχην
714 1082 930 1171 ἀπολομένων
945 1086 1100 1169 ὄλεθρος·

66 1203 148 1261 ῐοῦ
168 1191 205 1261 δὲ
228 1196 272 1281 μή
295 1199 480 1282 προχείρως
502 1197 551 1260 ἔτι
573 1197 653 1272 τοὺς
675 1191 861 1271 ἑαλωκότας
884 1191 937 1258 ἐπὶ
957 1194 998 1257 τὰ
1016 1191 1101 1257 ὅπλα

60 1311 233 1388 χωρῆσαι
255 1303 392 1387 φυλακή
411 1303 616 1385 γενήσεσθαι
639 1304 755 1387 μετρία
776 1298 832 1366 καὶ
854 1302 1008 1384 συνήθης
1026 1295 1101 1364 Ῥω-
1112 1318 1140 1358 ιο

59 1414 206 1493 μαίοις,
228 1409 250 1492 ή
274 1419 342 1475 τῶν
364 1411 481 1475 αίτίων
499 1417 557 1493 τῆς
575 1408 787 1486 ἀποστάσεως
803 1411 947 1485 κόλασις.
980 1405 1138 1491 συγκα-2

58 1514 240 1593 λέσαντες
268 1516 310 1599 δή
337 1517 534 1600 Φιδηναίων
556 1518 635 1593 τοὺς
658 1514 799 1592 ἁλόντας
821 1516 869 1592 είς
890 1517 952 1600 τήν
976 1514 1102 1600 ἀγοράν

18 1615 144 1688 &aaz
173 1624 281 1689 πολλά
309 1631 368 1706 τῆς
395 1623 512 1700 ἀνοίας
538 1623 650 1689 αὐτῶν
676 1624 962 1707 κατηγορήσαντες
990 1621 1104 1700 ἀξίους

61 1727 119 1792 τ’
148 1725 236 1797 εἶναι
265 1732 434 1815 φήσαντες
460 1731 607 1808 ἅπαντας
633 1730 762 1815 ἡβηδὸν
791 1727 999 1794 ἀπολωλέναι
1022 1730 1103 1813 μήτε

65 1846 158 1914 ταῖς
183 1837 389 1923 εὐεργεσίαις
415 1838 514 1924 χάριν
541 1838 671 1914 εἰδότας
697 1839 778 1922 μήτε
806 1846 877 1912 τοϊς
902 1844 1016 1911 κακοῖς
1039 1850 1102 1898 σω-
1113 1850 1143 1890 1⁵

74 1941 365 2029 «φρονιζομίνους,
391 1942 531 2028 ῥάβδοις
553 1943 761 2028 αἰκισάμενοι
783 1945 862 2019 τοὺς
885 1941 1104 2025 ἐπιφανεστά-

77 2070 167 2127 τους
193 2049 350 2116 ἁπάντων
378 2050 537 2135 δρώντων
562 2048 771 2116 ἀπέκτειναν·
803 2052 883 2126 τοὺς
906 2045 944 2114 δὲ
965 2051 1104 2125 λοιποὺς

87 2160 204 2222 είασαν
232 2158 337 2224 οίκεϊυ
365 2157 410 2235 ὡς
436 2159 601 2243 πρότερον
628 2155 741 2244 ᾤκουν
764 2159 936 2242 φρουροὺς
964 2171 1103 2239 συγκατ-

91 2266 275 2342 οικίσαντες
306 2263 435 2348 αὐτοῖς,
469 2264 570 2341 ὅσους
601 2266 733 2350 ἔκρινεν
761 2262 782 2346 ἡ
811 2265 932 2347 βουλή,
964 2259 1020 2327 καὶ
1046 2269 1104 2345 τῆς

94 2369 197 2457 χώρας
219 2371 425 2456 ἀφελόμενοί
444 2392 520 2436 τινα
542 2381 665 2457 μοῖραν
687 2380 758 2446 τοῖς
781 2379 944 2455 φρουροῖς
966 2370 1144 2435 ἕδωκαυθ

95 2486 192 2544 ταῦτα
224 2476 485 2563 διαπραξάμενοι
515 2477 577 2560 τήν
608 2478 754 2562 δύναμιν
781 2475 911 2559 ἀπήγου
939 2475 975 2542 ἐκ
1003 2476 1104 2560 <τής>

96 2590 156 2650 τῶν
187 2588 358 2669 πολεμίων
388 2582 446 2650 καὶ
472 2584 532 2650 τὸν
558 2585 625 2650 ὑπὸ
653 2593 711 2669 τῆς
738 2588 862 2669 βουλῆς
889 2582 1105 2669 ψηφισθέντα
1180 2565 1183 2571 Α

96 2687 262 2779 θρίαμβον
283 2695 482 2777 κατήγαγον.
517 2699 620 2757 ταῦτα
642 2688 705 2776 μὲν
728 2689 781 2758 ἐπὶ
798 2700 856 2775 τῆς
874 2693 1003 2757 τούτων
1022 2691 1105 2758 ὑπα-

91 2801 177 2875 τείας
200 2796 361 2883 ἐπράχθη.

155 2902 360 2970 XXXXIIII.
393 2906 548 2969 Ποπλίου
576 2899 614 2969 δὲ
637 2907 832 2989 Ποστομίου
858 2914 919 2971 τοῦ
945 2905 1145 2992 καλουμέ-ιε

84 3017 154 3077 1’νυ
191 3008 382 3096 Τουβέρτου
417 3011 455 3075 τὸ
489 3011 647 3096 δεύτερον
679 3012 793 3097 άρχειν
825 3011 1019 3098 αἱρεθέντος
1050 3010 1106 3078 καί

164 3244 196 3294 12
221 3235 253 3294 δὲ
277 3237 314 3294 O
337 3237 373 3307 δὴ
399 3236 545 3308 Kiessling
636 3247 667 3295 17
692 3237 789 3295 πάντα
768 3239 849 3296 ωνΟ
873 3257 943 3295 corr.
961 3237 1105 3306 Kiessling

77 3296 125 3363 ²0
143 3330 210 3365 τινα
227 3327 282 3365 om
301 3309 324 3362 Β
397 3316 429 3364 21
451 3308 599 3380 ἀπήγαγον
621 3327 643 3365 c.
663 3311 788 3366 Reudler
805 3310 895 3366 Τίτου.
916 3311 976 3364 crit.
996 3327 1023 3378 p.
1042 3312 1076 3360 43
1099 3307 1104 3379 Ι

74 3381 139 3492 ἰῆς
156 3381 223 3437 add.
236 3375 389 3449 ΡοτλαεΙέ
390 3401 407 3436 ιι
422 3389 472 3450 τῆς
489 3383 608 3453 πολεμία
590 3399 664 3446 αςο.
681 3382 811 3452 Sylburg,
829 3381 916 3436 verba
935 3376 966 3434 ἐκ
984 3387 1040 3433 τῶν
1053 3396 1107 3432 πο-

75 3438 192 3524 λεμίων
210 3455 277 3523 post
292 3453 435 3526 θρίαμβον
449 3454 660 3523 transponenda
679 3469 740 3507 esse
758 3469 781 3507 ο.
800 3451 946 3519 Kiessling
