2414 3840
523 199 686 248 “-Λ-
1071 198 1113 261 67

94 361 214 446 ἀρχήν,
233 361 294 425 τὸν
314 355 351 424 δὲ
371 359 479 443 δῆμον
499 357 561 424 οὐκ
580 353 666 424 εἶναι
684 358 804 445 κύριον
823 357 999 443 τάλλότρια
1014 356 1113 447 ἑτέρω

93 468 241 532 διδόναι.
267 474 435 565 Ικρανγής
467 461 504 530 δὲ
533 463 590 530 καὶ
617 465 869 549 ἀγανακτήσεως
897 463 929 543 ἐξ
958 464 1151 532 ἁπάυτων4

93 571 152 639 ε’πλ
174 573 283 660 τούτω
306 570 489 656 γενομένης
511 580 678 656 σιωπῆσαι
700 572 857 650 κελεύσας
878 572 1001 649 αὐτοὺς
1018 571 1114 655 ’ἠξίου

91 677 204 764 μηδὲν
222 681 390 764 ἄχθεσθαι
408 675 493 762 μηδὲ
511 678 709 761 ἀγανακτεῖν
727 679 809 764 πρὸς
828 679 887 744 τὸν
906 681 1019 763 λόγον,
1039 675 1111 744 ἀλλ’

92 793 130 852 εί
148 809 182 851 τι
205 787 337 851 δίκαιον
360 787 466 851 εἰπεῖν
489 787 555 869 ἔχει
577 785 772 870 Ταρκύνιος,
796 790 909 851 καλεῖν
932 786 1035 852 αὐτὸν
1058 784 1141 851 καλε

33 890 338 977 735διδαχθέντας,
365 891 425 957 ἐάν
447 885 476 956 τ’
498 890 721 976 ἀδικούμενον
744 892 889 978 εὕρωσιν
912 892 970 958 ἑάν
993 890 1021 956 τ’
1045 891 1113 958 ἐπι-

91 1000 309 1085 τηδειότερον
327 999 451 1085 ἄρχειν,
471 997 586 1086 ἐκείνω
605 999 816 1083 παραδοῦναι
834 1000 896 1082 τήν
911 1008 970 1083 τῆς
987 1001 1114 1076 πόλεως

91 1108 316 1191 προστασίαν·
353 1104 453 1182 αὐτὸς
481 1101 519 1170 δὲ
546 1115 604 1189 τῆς
631 1104 733 1190 ἀρχῆς
756 1107 882 1189 ἔφησεν
905 1105 1113 1189 ἀφίστασθαι

91 1210 153 1278 καὶ
182 1211 381 1278 ἀποδιδόναι
406 1221 477 1288 τοῖς
503 1214 647 1297 κυρίοις,
675 1209 753 1298 παρ’
778 1206 826 1277 ὧν
854 1211 959 1295 αὐτήν
986 1214 1113 1296 ἔλαβεν.

90 1326 199 1383 ταῦτα
221 1317 376 1397 λέξαντος
395 1317 499 1383 αὐτοῦ
517 1320 732 1402 καταβαίνειν
749 1315 780 1383 τ’
804 1318 867 1383 ἀπὸ
886 1327 946 1384 τοῦ
965 1300 1153 1414 βήματοςῇ

91 1423 306 1510 βουλομένου
328 1427 457 1511 κραυγή
480 1421 509 1489 τ’
532 1424 565 1504 ἐξ
589 1424 744 1491 ἁπάντων
763 1424 889 1509 ἐγίνετο
908 1424 963 1490 καλ
982 1427 1112 1511 δεήσεις

90 1530 216 1598 πολλαὶ
239 1534 303 1597 σὺν
327 1520 486 1616 οίμωγαῖς
506 1528 589 1618 ὑπὲρ
608 1541 669 1597 τοῦ
688 1531 807 1616 μηδενὶ
824 1543 1037 1618 παραχωρεῖν
1054 1543 1112 1617 τῆς

91 1638 212 1724 ἀρχῆς·
248 1634 337 1715 τινὲς
360 1635 390 1703 δ’
412 1637 446 1717 ἐξ
470 1637 582 1703 αὐτῶν
605 1636 660 1704 καὶ
683 1640 820 1722 βάλλειν
842 1641 901 1703 τὸν
923 1640 1112 1722 Ταρκύνιον

91 1743 211 1829 ἐβόων.
257 1744 383 1820 ἐκεῖνος
410 1740 472 1828 μὲν
504 1733 581 1808 οὖνχ
595 1744 707 1821 δείσας
734 1745 796 1827 τήν
824 1744 859 1809 ἐκ
881 1745 991 1830 χειρὸς
1014 1745 1112 1827 δίκην

90 1851 199 1937 ὁρμῆς
234 1852 300 1935 ήδη
337 1850 514 1935 γενομένης
550 1861 618 1916 τῶν
651 1853 761 1935 όχλων
791 1847 841 1916 ἐπ’
873 1850 976 1916 αὐτὸν
1008 1849 1111 1939 ᾤχετο
1126 1870 1151 1910 15

90 1959 231 2043 φεύγων
254 1959 322 2042 ἅμα
343 1967 412 2034 τοῖς
436 1955 593 2043 ἑταίροις·
628 1957 689 2022 τόν
712 1954 749 2023 δὲ
772 1959 916 2024 Τύλλιον
939 1958 1112 2042 ήπληδὺς

90 2066 204 2130 ἀπασα
233 2064 315 2148 μετὰ
344 2073 447 2151 χαρᾶς
476 2061 532 2129 καλ
559 2065 681 2149 κρότου
712 2063 769 2130 καὶ
795 2069 919 2149 πολλής
947 2065 1111 2149 εὐφημίας

91 2170 360 2257 παραπέμπουσα
382 2168 478 2256 μέχρι
500 2179 558 2254 τῆς
581 2171 686 2246 οίκιάς
708 2169 915 2255 κατέστησεν.

160 2276 345 2344 XXXVIII.
369 2272 424 2353 Ὡς
452 2273 489 2341 δὲ
512 2274 568 2341 καὶ
590 2277 711 2360 ταύτης
734 2278 893 2361 διήμαρτε
915 2284 973 2357 τής
996 2277 1111 2360 πείρας

91 2385 111 2450 ό
139 2383 340 2470 Ταρκύνιος,
371 2382 551 2466 ἀδημονῶν
579 2380 632 2447 ἐπὶ
659 2389 705 2470 τῷ
730 2383 895 2466 μηδεμίαν
917 2381 1006 2469 αὐτῷ
1031 2384 1109 2466 βοή-
1124 2401 1150 2440 το

90 2497 194 2556 θειαν
211 2490 302 2576 παρὰ
319 2497 377 2573 της
393 2492 528 2573 βουλής,
547 2479 724 2574 ήμάλιστα
738 2488 919 2572 ἐπεποίθει,
938 2486 1109 2573 γενέσθαι,

90 2600 217 2683 χρόνον
251 2593 312 2680 μέν
343 2618 419 2660 τινα
452 2593 596 2680 διέτριβε
627 2590 699 2660 κατ’
726 2599 835 2661 οίκίαν
866 2606 936 2672 τοῖς
967 2594 1110 2683 ἑταίροις

41 2706 210 2788 τεεμόνοις
243 2703 490 2785 διαλεγόμενος·
538 2702 650 2766 ἔπειτα
680 2703 818 2787 γνώμην
851 2701 1110 2788 ἀποδειξαμένης

89 2815 150 2894 τῆς
174 2808 334 2892 γυναικὸς
356 2803 461 2892 μηδὲν
483 2808 532 2871 ἔτι
554 2811 793 2892 μαλακίζεσθαι
816 2804 900 2891 μηδὲ
923 2821 1106 2893 κατοκνεῖν,

91 2917 176 2983 ἀλλά
207 2916 437 2997 καταβαλόντα
468 2915 547 2991 τοὺς
579 2915 700 2998 λόγους
732 2912 784 2980 ἐπὶ
810 2915 852 2978 τά
879 2916 959 2999 ἔργα
986 2928 1107 3004 χωρεῖν
1122 2931 1148 2972 2⁵

91 3012 274 3106 διαλλαγὰς
292 3030 425 3105 πρῶτον
443 3019 627 3105 εὑρόμενον
646 3022 702 3085 διὰ
721 3022 831 3104 φίλων
849 3022 932 3107 πρὸς
946 3024 1006 3088 τὸν
1023 3024 1107 3089 Τύλ-

164 3175 367 3252 8αάτ<δ>ςΒ
445 3182 477 3229 12
497 3175 680 3304 μηδενήλ>Β
761 3183 794 3232 14
813 3177 905 3248 χειρὸς
924 3179 1013 3250 ὁρμήν
1031 3197 1108 3247 γινο-

90 3251 180 3322 μένην
200 3250 223 3305 Ο
242 3246 396 3320 praeterB
462 3253 494 3301 15
514 3244 560 3303 ἐπ’
577 3268 657 3303 οκον
675 3245 761 3318 ὤχετο
781 3265 803 3304 ο,
822 3249 923 3303 Portus
990 3256 1020 3302 17
1040 3250 1107 3300 πολ-

89 3329 139 3394 λῆς
157 3321 267 3377 add.B
324 3324 357 3372 18
377 3315 467 3382 οίκίας
485 3319 571 3388 αὐτῆς
588 3321 615 3373 Α
650 3303 736 3388 αάτῆς
755 3319 846 3375 om.B
884 3318 975 3381 οίκίας
994 3314 1039 3371 ἐπ’
1056 3316 1107 3394 αύ-

89 3403 138 3520 {m
156 3392 313 3519 Rffliskem
349 3395 383 3443 22
403 3383 565 3463 ἕτ<αί>ροις
584 3393 605 3445 Β
687 3397 721 3446 25
740 3387 921 3461 ἀποβαλόντα
939 3406 962 3442 ο.
983 3382 1105 3440 Sintems

114 3484 151 3523 m.
198 3465 254 3519 'on.
330 3466 365 3515 23

923 3547 959 3602 5*
