2414 3840
127 180 189 243 108
552 183 716 231 -Λ-

124 342 251 407 υἱωνὸν
275 336 361 406 εἶναι
385 349 445 406 τοῦ
464 337 619 425 Ἠγερίου
642 342 813 425 πείθομαι,
837 347 870 406 εί
889 364 927 425 γε
949 340 1012 424 τὴν
1035 341 1145 426 αὐτὴν

125 442 191 531 εἶχε
213 459 284 524 τοῖς
302 448 492 533 Ταρκυνίου
515 445 632 511 παισὶν
654 446 798 530 ἡλικίαν,
822 447 866 524 ὡς
888 446 1014 530 Φάβιός
1032 469 1068 512 τε
1088 446 1146 514 καὶ

126 554 162 618 οί
188 551 299 619 λοιποὶ
327 565 531 639 συγγραφεῖς
557 553 848 639 παραδεδώκασιν·
885 552 904 618 ὁ
931 555 994 639 γάρ
1020 556 1146 638 χρόνος

90 659 250 742 4ταύτην
274 682 330 743 μοι
353 660 415 743 τὴν
437 659 606 742 ὑπόληψιν
630 661 767 742 βεβαιοῖ.
803 658 821 724 ὁ
845 655 906 743 μὲν
931 654 993 723 οὖν
1011 663 1146 725 Κολλα-

100 775 217 842 ετῖνος
241 763 294 830 ἐπὶ
315 764 542 851 στρατοπέδου
560 766 634 829 τότε
653 765 701 829 ὢν
720 764 911 849 ἐτύγχανεν,
930 763 952 847 ἡ
972 761 1009 830 δὲ
1028 781 1145 832 συνοι-

127 880 232 936 κοῦσα
261 872 350 959 αὐτῷ
378 872 465 954 γυνὴ
485 865 642 955 Ῥωμαία,
670 872 883 954 Λουκρητίου
906 871 1062 956 θυγάτηρ
1086 870 1145 937 άν-

129 978 207 1062 δρὸς
227 977 421 1062 ἐπιφανοῦς,
440 976 580 1060 ἐξένιζεν
598 976 701 1042 αὐτὸν
720 977 765 1054 ὡς
784 984 929 1060 συγγενῆ
942 985 1004 1041 τοῦ
1018 976 1146 1061 ἀνδρὸς

127 1087 233 1168 πολλῇ
265 1085 439 1169 προθυμία
471 1105 506 1148 τε
538 1079 593 1146 καὶ
626 1083 873 1167 φιλοφροσύνη.
920 1083 1045 1166 ταύτην
1079 1084 1144 1166 τὴν

128 1200 269 1272 γυναῖκα
292 1190 471 1270 καλλίστην
496 1183 601 1253 οὖσαν
623 1199 691 1253 τῶν
714 1186 751 1252 ἐν
765 1185 871 1274 Ῥώμη
893 1199 1064 1270 γυναικῶν
1089 1187 1146 1254 καὶ

88 1315 115 1354 10
129 1294 408 1378 σωφρονεστάτην
432 1293 642 1378 ἐπεχείρησεν
666 1293 684 1360 ὁ
705 1292 828 1373 Σέξτος
851 1295 1059 1380 διαφθεῖραι,
1083 1315 1147 1359 πα·

129 1403 282 1484 λαίτερον
305 1397 366 1485 μὲν
385 1402 433 1465 ἔτι
452 1402 655 1485 εἰργόμενος,
680 1399 777 1466 ὁπότε
795 1401 970 1484 κατάγοιτο
989 1402 1081 1485 παρὰ
1098 1409 1147 1488 τῷ

129 1516 298 1590 συγγενεῖ,
326 1508 400 1571 τότε
428 1502 465 1571 δὲ
492 1507 610 1590 καιρὸν
638 1505 843 1591 ἁρμόττοντα
871 1507 1024 1590 οἰόμενος
1046 1509 1147 1591 ἔχειν.

94 1613 174 1690 δὼς
198 1609 234 1678 δὲ
257 1613 338 1697 μετὰ
360 1613 397 1677 τὸ
422 1613 560 1678 δεῖπνον
583 1611 712 1694 άπῆλθε
734 1614 976 1696 κοιμησόμενος
998 1611 1201 1697 ἐπισχὼνινε

129 1728 186 1801 της
222 1721 342 1795 νυκτὸς
373 1721 459 1784 πολὺ
491 1716 605 1803 μέρος,
638 1717 752 1801 ἐπειδὴ
783 1719 965 1783 καθεύδειν
996 1719 1150 1797 ἅπαντας

90 1846 115 1886 ιι
130 1824 294 1909 ἐνόμιζεν,
328 1825 472 1902 ἀναστάς
502 1821 582 1908 ἧκεν
610 1821 662 1889 ἐπὶ
689 1825 726 1889 τὸ
757 1825 938 1908 δωμάτιον,
967 1823 1004 1889 ἐν
1031 1815 1059 1913 ᾧ
1083 1827 1149 1910 τὴν

130 1935 343 2015 Λουκρητίαν
369 1930 441 2017 ᾔδει
464 1931 711 2013 καθεύδουσαν,
734 1928 790 1995 καὶ
813 1931 931 1995 λαθὼν
953 1933 1032 2008 τούς
1055 1935 1149 2018 παρὰ

130 2049 200 2114 ταῖς
228 2039 360 2123 ’θύραις
395 2046 457 2102 τοῦ
494 2038 663 2121 δωματίου
698 2035 927 2121 κοιμωμένους
962 2036 1149 2123 εἰσέρχεται

131 2143 227 2229 ξίφος
250 2147 344 2229 ἔχων.

196 2251 296 2316 LXV.
325 2247 477 2326 Ἐπιστὰς
505 2247 541 2313 δὲ
568 2256 608 2334 τῇ
635 2251 731 2334 κλίνη
756 2250 985 2335 διεγερθείσης
1007 2250 1078 2335 ἅμα
1099 2261 1149 2340 τῷ

91 2377 117 2417 2⁰
131 2369 282 2424 συνεῖναι
305 2359 364 2423 τὸν
388 2359 502 2440 ψόφον
524 2363 583 2439 της
605 2356 764 2439 γυναικὸς
790 2352 845 2420 καὶ
872 2355 1149 2443 πυνθανομένης,

132 2465 222 2541 ὅστις
245 2470 307 2547 εῖη,
330 2464 461 2548 φράσας
483 2461 631 2546 τούνομα
654 2470 783 2526 σιωπᾶν
806 2461 934 2527 ἐκέλευε
957 2461 1013 2528 καὶ
1030 2462 1150 2547 μένειν

132 2570 168 2636 ἐν
191 2578 236 2657 τῷ
261 2571 415 2656 δωματίῳ
439 2567 578 2652 σφάξειν
603 2567 708 2651 αὐτὴν
731 2566 919 2652 ἀπειλήσας,
943 2567 1003 2633 ἐάν
1025 2568 1149 2655 ἐπιχει-

133 2679 217 2761 ρηση
237 2676 375 2759 φεύγειν
391 2673 412 2756 ἢ
427 2675 520 2756 βοᾶν.
549 2675 656 2760 τούτφ
670 2672 959 2758 καταπληξάμενος
971 2681 1018 2763 τῷ
1031 2678 1148 2764 τρόπῳ

132 2783 193 2865 τὴν
217 2783 400 2864 ἄνθρωπον
423 2777 566 2864 αἱρέσεις
589 2779 673 2864 αὐτῇ
697 2779 759 2845 δύο
782 2780 991 2866 προύτεινεν,
1015 2775 1064 2847 ὧν
1087 2803 1149 2848 πο-

93 2887 233 2971 κατάραν
265 2887 347 2970 αὐτὴ
380 2896 557 2971 προηρεῖιο
590 2888 706 2969 λαβεῖν
737 2885 848 2969 ἠξίου,
885 2886 1037 2951 θάνατον
1070 2883 1146 2972 μετ’

206 3084 220 3133 1
232 3077 259 3133 εί
266 3080 296 3132 et
305 3096 330 3133 V.
341 3084 358 3131 2
368 3074 424 3146 εἶχε
436 3076 500 3132 αδδ.
511 3078 532 3130 Β
570 3082 604 3131 10
613 3077 804 3148 *παλαίτερον
818 3076 870 3148 μὲν
880 3074 1060 3158 ἐπειγόμενος
1069 3077 1150 3135 ABb

132 3169 160 3276 ί·
181 3170 200 3220 ‘⁵
202 3145 241 3276 ἰῗ
242 3147 361 3283 w?
363 3145 883 3288 ⁰5ssss01}÷1“²mv025“n'2{ffi⁰1'3⁹⁸”⁰{1⁰'
897 3147 1151 3276 ῗθ““ἒῗῗε’ἒ’θ

133 3242 216 3363 μῖεινός
229 3241 318 3348 &fiet
332 3293 397 3372 (δύο
412 3308 439 3359 p.
454 3295 487 3370 {39
520 3310 550 3344 π.
565 3287 616 3359 μὲν
629 3261 672 3344 δτι
686 3239 846 3360 είργόμξύος
860 3307 913 3360 ego
926 3262 932 3275 Ι
947 3239 1002 3345 μ’20
1017 3241 1151 3347 συνίέύαι

134 3363 584 3430 c.ReudlerT1roe.er1t.p.35
642 3367 675 3414 21
696 3356 847 3417 ἐκέλενεΒ
885 3359 1012 3418 ἐκέλευσε
1032 3363 1057 3415 R
1113 3369 1151 3420 24

134 3430 173 3490 ὧν
192 3435 330 3505 ὁποτέραν
349 3431 529 3488 casaubonus
602 3435 637 3486 25
655 3439 818 3503 προαιροῖτο
837 3450 860 3488 ο.
881 3433 1002 3504 Sylburg
