2414 3840
128 153 193 218 352
556 155 716 204 -ς-

128 315 249 380 τούτου
269 312 508 398 ἐξηγέρθησαν,
533 313 577 392 ὡς
596 313 637 395 δὴ
658 312 840 378 ἀκίνδυνον
859 311 973 388 αὐτοῖς
989 312 1027 376 τὸ
1043 313 1141 396 ἐργον

36 444 39 449 ⁴
128 420 300 505 ἐσόμενον,
318 418 374 485 καὶ
392 421 475 504 πρὸς
493 426 539 507 τῷ
558 419 723 503 μηδεμίαν
741 418 901 503 ὑποσχεῖν
921 419 1019 501 δίκην
1038 421 1114 504 κρεί
1130 459 1142 469 -

128 551 210 592 τονα
233 536 355 611 μοῖραν
378 535 435 610 τῆς
457 523 619 610 προτέρας
638 523 774 603 έξοντες.
812 526 953 608 μάθοιτε
972 522 1002 589 θ’
1022 524 1078 607 ἀν,
1101 525 1144 602 ὡς

129 633 239 715 ἀληθῆ
264 632 327 715 ἐγὼ
351 639 455 697 ταῦτα
477 630 574 715 λέγω,
598 628 813 715 μνησθέντες,
837 631 888 695 ότι
912 631 1144 717 δεδιττόμενος

103 739 215 822 εύμάς
237 734 321 822 ὑπὲρ
344 736 492 822 πολέμου
514 735 569 802 καὶ
594 738 773 821 διαλλαγὰς
796 737 978 821 ἀναγκαίας
1001 736 1144 822 ἀποφαί-

129 868 200 909 νων
232 845 299 929 ἅμα
331 846 395 927 ἐφη
427 843 482 909 καλ
516 845 560 921 ὡς
590 844 652 909 οὐκ
684 844 914 929 ἀγαπήσουσιν
945 843 981 907 οί
1007 841 1145 927 πένητες

130 950 312 1034 ἀφεθέντες
337 962 404 1017 τῶν
432 961 554 1037 χρεῶν,
586 950 668 1016 ἀλλά
697 948 752 1016 καλ
779 951 940 1035 βοηθείας
968 951 1148 1034 δεήσονταί

129 1081 221 1135 τινος
238 1056 293 1122 καὶ
313 1058 374 1123 ούκ
393 1055 565 1136 ἀνέξονται
585 1059 632 1122 ἔτι
652 1054 712 1141 ὑφ’
730 1055 825 1141 ὑμῶν
844 1056 889 1133 ὡς
906 1053 963 1120 καὶ
980 1057 1197 1141 πρότερονεῖλλ

130 1163 320 1249 ἀρχόμενοι·
356 1168 519 1228 τελευτῶν
547 1157 578 1228 θ’
600 1162 685 1247 ὑμᾶς
707 1161 803 1246 ἠξίου
826 1159 977 1247 στέργειν
999 1162 1042 1226 τά
1065 1182 1144 1246 παρ-

91 1287 117 1326 10
131 1270 212 1333 όντα
235 1266 290 1331 καὶ
314 1279 510 1352 συγχωρεῖν,
537 1269 555 1333 ό
578 1291 611 1332 τι
633 1266 675 1333 ἀν
699 1268 716 1333 ὁ
742 1268 845 1353 δῆμος
867 1264 921 1333 ἐπὶ
943 1277 982 1353 τῇ
1006 1269 1143 1354 καθόδῳ

131 1374 291 1458 θικαιύση
325 1376 456 1456 λαβεῖν,
488 1375 533 1457 μὴ
567 1374 801 1458 διακρίναντας
833 1370 906 1458 μήτ’
937 1373 1002 1439 ἀπὸ
1035 1379 1143 1440 καλῶν

95 1479 251 1563 4αίσχρά
273 1478 345 1564 μήτ’
370 1479 433 1544 ἀπὸ
458 1481 597 1546 δικαίων
620 1480 726 1545 ἀθικα.
768 1481 931 1563 τοσαύτης
953 1481 1018 1565 ἀρα
1040 1481 1144 1546 αὐθα-

131 1585 222 1662 δείας
249 1587 286 1650 τὸ
316 1586 459 1669 ἀνόητον
488 1581 586 1663 οὗτος
614 1584 797 1670 ἐμπέπληκε
824 1594 882 1670 τῆς
908 1588 1038 1663 πόλεως
1061 1587 1143 1671 ἀνὴρ

129 1693 352 1777 πρεσβύτερος
379 1688 434 1758 καὶ
461 1693 568 1769 πόσας
595 1689 849 1776 κεκαρπωμένος
871 1693 928 1769 τάς
950 1689 1031 1778 παρ’
1053 1693 1145 1778 ὑμῶν

92 1817 118 1857 15
132 1798 234 1883 τιμάς.
281 1793 334 1883 ἀρ’
360 1795 403 1882 ἦν
430 1815 486 1864 σοι
512 1798 621 1880 ἀξιον,
654 1794 830 1883 Οὐαλέριε,
858 1793 937 1863 καθ’
960 1796 1085 1884 ἑτέρων
1107 1800 1145 1864 τὰ

132 1907 175 1990 μὴ
199 1907 367 1990 προσόντα
390 1903 504 1987 όνείθη
526 1902 636 1988 λέγειν
654 1904 823 1981 τοιαύταις
842 1906 914 1970 όντι
931 1909 1146 1992 κατηγορίαις

132 2011 252 2099 ἕνόῖνε

199 2117 282 2182 LXI.
311 2115 378 2182 Καὶ
400 2118 484 2202 πρὸς
506 2113 567 2202 μὲν
589 2118 646 2194 τάς
668 2116 733 2182 ὑπὸ
754 2118 877 2182 τούτου
895 2116 1059 2201 ῥηθείσας
1078 2121 1146 2183 θια-

132 2225 234 2306 βολάς
262 2223 357 2308 ἀρκεῖ
381 2225 422 2288 τά
451 2220 623 2309 εἰρημένα,
651 2219 735 2304 ὑπὲρ
759 2217 791 2287 θ’
813 2218 862 2287 ὧν
884 2226 1147 2308 βουλευσόμενοι

94 2343 119 2389 ιο
134 2331 383 2413 συνεληλύθατε
412 2332 506 2395 δοκεῖ
530 2352 588 2413 μοι
615 2329 727 2394 θίκαιά
753 2324 782 2391 τ’
811 2323 897 2394 εἶναι
923 2327 978 2393 καλ
1005 2338 1065 2413 της
1090 2333 1148 2396 πό·

133 2441 216 2513 λεως
234 2436 308 2516 ἀξια
326 2434 381 2501 καλ
400 2435 616 2521 συμφέροντα
633 2435 725 2519 ὑμῖν,
751 2436 793 2500 ού
812 2437 917 2519 μόνον
934 2433 955 2498 ἀ
973 2435 1011 2500 ἐν
1033 2436 1149 2522 ἀρχαῖς

133 2543 366 2626 ἀπεφηνάμην,
390 2542 474 2607 ἀλλά
495 2540 550 2607 καὶ
572 2551 638 2607 νῦν
661 2539 713 2607 ἐπὶ
732 2550 789 2625 της
807 2541 909 2624 αὐτῆς
926 2543 1062 2626 γνώμης
1081 2543 1149 2609 ἐπι-

133 2648 245 2732 μένων
268 2649 507 2733 ἀποφαίνομαι,
531 2649 575 2733 μη
599 2658 735 2733 συγχεῖν
755 2648 815 2713 τὸν
833 2650 960 2731 κόσμον
978 2655 1038 2731 τῆς
1056 2654 1149 2715 πολι-

133 2758 233 2837 τείας,
253 2751 337 2839 μηιλὲ
354 2763 460 2820 κινεῖν
479 2756 542 2837 έθη
561 2754 712 2840 πατέρων
731 2754 880 2838 ἀκίνητα,
901 2749 979 2838 μηθ’
997 2754 1148 2841 ἀναιρεῖν

94 2878 119 2919 25
134 2858 167 2937 ἐξ
186 2857 377 2942 ἀνθρώπων
395 2861 507 2924 πίστιν
528 2860 618 2944 ίερόν
636 2869 755 2945 χρῆμα,
775 2855 852 2944 μεθ’
870 2853 909 2942 ἧς
927 2860 1039 2926 ἀπασα
1053 2864 1197 2939 πόλιςῖὶλλ

206 3057 220 3104 1
240 3050 352 3104 τουτουὶ
370 3051 459 3106 Cobet
478 3052 543 3107 obs.
563 3070 589 3122 p.
610 3058 661 3106 125
678 3053 683 3121 Ι
698 3053 729 3108 τὸ
749 3049 831 3122 ἔργον
850 3053 945 3114 αύτοῖς
963 3053 987 3106 Β
1061 3059 1078 3106 2
1097 3053 1147 3128 τῷ]

133 3122 206 3178 τὸΒ
274 3126 411 3193 θμοῖραν
429 3122 506 3176 ABb
543 3123 637 3194 χώραν
654 3124 701 3176 Ba
717 3125 721 3194 Ι
738 3121 893 3189 έξονταςΟ
931 3121 1042 3189 ἕξοντες
1060 3122 1149 3180 Cobet

133 3194 190 3249 l.1.
252 3188 342 3263 4ἐγὼ
361 3193 492 3248 ταῦταΒ
527 3203 616 3249 ταῦτα
635 3190 732 3264 ἐγὼΙῖ
796 3193 880 3248 ἀκαλ
898 3193 953 3248 del.
973 3194 1077 3249 Reiske
1133 3202 1148 3251 9

134 3265 256 3339 <ἠ>ξίου
274 3265 297 3317 Β
318 3265 322 3336 Ι
343 3267 408 3326 τοὺς
430 3262 615 3332 ’παρόνταςΟ
652 3264 687 3319 τὰ
710 3263 838 3335 παρόντα
857 3263 980 3334 Sylburg
999 3268 1029 3320 οῖ
1047 3265 1148 3321 Ροιύιιε

136 3345 168 3392 16
188 3338 263 3409 αὐτῷ
283 3334 343 3389 όντι
362 3352 385 3390 ο.
405 3334 543 3389 Βόολιελεε
615 3341 649 3389 22
669 3334 729 3390 ἀλλ’
751 3335 769 3389 ἃ
789 3352 811 3390 c.
831 3336 971 3391 Biicheler
987 3340 991 3406 λ
1008 3333 1148 3406 ἐπιμένων

135 3425 155 3462 ο,
174 3406 319 3476 Kiessling
391 3413 425 3462 25
445 3407 564 3461 πάσαΟ
