2414 3840
520 184 696 257 ...5-

114 345 169 411 καῖ
197 357 267 423 τοῖς
290 345 479 432 ἐπιτρόποις
502 344 605 410 αὐτοῦ
627 356 695 411 τῶν
717 347 847 411 παίδων
870 344 1126 430 βουλευομένοις

115 453 227 532 ἔδοξεν
255 452 299 528 ῶς
323 451 381 517 ἕνα
409 461 476 516 τῶν
503 456 637 517 πολλῶν
660 451 798 529 εὐτελῶς
821 450 990 538 ἐκκομίσαι
1013 476 1047 517 τε
1070 450 1126 517 καὶ

115 560 231 637 θάψαι.
266 558 307 624 ού
326 556 439 643 μέντοι
457 581 494 640 γε
513 558 531 624 ὁ
552 561 655 643 δήμος
672 564 792 642 είασεν,
817 558 899 624 ἀλλά
918 557 1161 643 συναγαγόν-2

115 689 167 742 τες
195 666 230 730 οί
255 666 416 750 δήμαρχοι
444 666 480 730 τὸ
508 669 638 748 πλήθος
666 667 713 741 είς
740 664 916 748 ἐκκλησίαν
943 663 1125 731 καὶπολλὰ

116 774 306 848 διελθόντες
333 771 477 856 ἐγκώμια
505 781 572 836 τῶν
599 794 634 837 τε
663 772 745 837 κατδι
767 774 912 857 πόλεμον
935 773 1042 858 ἐργων
1065 781 1152 838 τοῦδ

116 878 238 965 ἀνδρὸς
259 877 315 944 καὶ
337 889 404 943 τῶν
427 883 616 961 πολιτικῶν,
639 880 701 961 τήν
723 902 758 942 τε
777 880 1002 964 σωφροσύνην
1022 880 1125 945 αὐτοῦ

115 983 170 1049 καί
197 987 258 1070 τήν
286 988 438 1069 λιτότητα
465 993 525 1049 τοῦ
548 987 640 1068 βίου,
671 986 810 1069 μάλιστα
834 982 871 1049 δὲ
893 986 955 1069 τὴν
978 987 1025 1062 είς
1047 1010 1125 1072 χρη-

45 1093 278 1176 1264ματισμὸν
306 1090 497 1177 ἐγκράτειαν
525 1079 577 1156 ἐπὶ
602 1095 761 1176 μήκιστον
784 1093 922 1177 ἄραντες
944 1103 1013 1169 τοῖς
1036 1091 1125 1158 ἐπαί-

89 1186 91 1190 ’
116 1221 203 1281 νοις,
232 1204 402 1283 αῖσχιστον
431 1201 561 1283 ἔφησαν
588 1193 674 1264 εἶναι
701 1209 768 1263 τῶν
795 1199 995 1285 πραγμάτων
1019 1200 1126 1285 ἀνδρα

115 1309 310 1388 τηλικοῦτον
340 1304 470 1389 ἀσήμου
497 1303 553 1370 καὶ
581 1313 739 1390 ταπεινῆς
767 1307 900 1390 κηδείας
926 1315 1038 1390 τυχεῖν
1070 1306 1125 1370 διά
1140 1319 1166 1358 ¹⁰

115 1415 245 1476 πενίαν·
277 1407 468 1495 παρῄνεσάν
495 1434 530 1476 τε
556 1419 602 1499 τῷ
631 1412 724 1499 δήμφ
747 1412 809 1495 τήν
832 1413 986 1495 δαπάνην
1009 1411 1126 1478 ἀναδέ-

117 1516 250 1600 ξασθαι,
272 1515 327 1580 καὶ
351 1528 613 1599 συνεισενεγκεῖν
635 1512 705 1582 κατ’
728 1518 844 1602 ἀνδρα,
868 1517 950 1582 ὅσον
970 1516 1013 1582 άν
1031 1517 1126 1584 αὐτοὶ

116 1622 245 1701 τάξωσι.
274 1632 344 1698 τοῖς
363 1617 396 1686 δ’
418 1621 601 1689 ἀκούσασιν
620 1625 764 1708 άσμενον
779 1621 920 1706 ἐγένετο,
938 1621 993 1689 καὶ
1009 1623 1161 1689 αύτίκα3

117 1729 279 1815 φέροντος
307 1727 446 1794 ἑκάστου
473 1731 509 1794 τὸ
532 1725 657 1814 ταχθὲν
678 1724 771 1795 πολύ
787 1753 819 1794 τι
841 1738 950 1814 χρήμα
973 1732 1126 1814 συνήχθη

118 1839 291 1922 διαφόρου.
333 1841 490 1920 μαθοῦσα
520 1832 556 1900 δέ
587 1834 684 1901 τοῦθ’
716 1836 737 1919 ἡ
765 1837 868 1920 βουλή
898 1834 942 1901 δι’
969 1837 1128 1921 αἰσχύνης
1141 1850 1167 1901 ,15

116 1945 153 2007 τὸ
181 1951 315 2028 πρᾶγμα
344 1944 440 2025 ἔλαβε
462 1940 518 2007 καὶ
540 1943 649 2028 ἐκρινε
671 1945 715 2028 μή
739 1939 808 2008 κατ’
832 1944 939 2029 ἀνδρα
962 1942 1128 2032 ἐρανισμῷ

116 2052 176 2115 τὸν
212 2048 474 2134 ἐπιφανέστατον
501 2045 669 2133 Ῥωμαίων
705 2051 868 2134 περιιδεῖν
904 2052 1127 2134 θαπτόμενον,

118 2156 189 2221 ἀλλ’
210 2156 246 2222 ἐκ
267 2167 341 2221 τῶν
359 2157 528 2241 δημοσίων
547 2155 719 2223 ἐδικαίωσε
737 2159 774 2222 τὸ
794 2156 951 2241 ἀνάλωμα
970 2154 1127 2239 γενέσθαι

117 2276 186 2341 τοῖς
207 2265 337 2348 ταμίαις
356 2261 555 2348 ἐπιτρέψασα
573 2263 634 2347 τήν
653 2262 849 2348 ἐπιμέλειαν.
887 2264 923 2328 οί
940 2258 976 2327 δέ
995 2266 1128 2328 πολλῶν

117 2371 205 2435 πάνυ
233 2371 462 2455 μισθώσαντες
489 2369 665 2456 χρημάτων
692 2372 749 2447 τδις
776 2371 923 2456 παροχὰς
952 2372 1063 2457 κόσμῳ
1093 2393 1127 2434 τε
1142 2384 1169 2424 2⁰

117 2478 383 2566 πολυτελεστάτῳ
406 2477 631 2560 κοσμήσαντες
654 2475 758 2541 αὐτοῦ
780 2478 817 2541 τὸ
837 2486 930 2559 σῶμα
948 2473 1003 2540 καὶ
1021 2476 1128 2541 πάντα

118 2587 156 2649 τά
180 2586 279 2650 λοιπά
302 2583 599 2670 ἐπιχορηγήσαντες
621 2584 669 2658 είς
690 2580 973 2667 μεγαλοπρέπειαν
996 2584 1128 2660 ἔθαψαν

119 2691 221 2756 αὐτὸν
259 2690 357 2769 ἀξίως
390 2698 449 2773 τής
481 2688 605 2775 ἀρετής.
656 2687 1009 2773 ἀντιφιλοτιμούμενος
1041 2686 1071 2753 δ’
1108 2688 1163 2754 ὁ4

119 2798 222 2882 δήμος
250 2799 334 2885 πρὸς
362 2798 424 2881 τήν
455 2796 582 2879 βουλήν
612 2794 686 2860 οὐδ’
712 2794 811 2871 αὐτὸς
838 2794 957 2877 ήξίωσε
983 2797 1021 2860 τὸ
1050 2812 1127 2861 συν-

45 2900 309 2989 ικῖὸεισενεχθέν
340 2904 505 2988 διάφορον
535 2901 766 2967 ἀποδιδόντων
795 2912 863 2967 τῶν
892 2913 1018 2987 ταμιῶν
1048 2901 1128 2968 ἀπο·
1142 2916 1168 2959 25

10 3021 13 3026 '
120 3014 248 3096 λαβεῖν,
276 3007 347 3076 ἀλλ’
375 3010 548 3096 ἐχαρίσατο
575 3019 645 3085 τοῖς
666 3007 761 3073 παισὶ
783 3018 843 3075 τοῦ
867 3009 990 3096 ἀνδρὸς
1012 3011 1128 3076 οίκτείι

120 3142 189 3204 ρων
220 3120 281 3203 τήν
313 3116 471 3203 ἀπορίαν,
502 3117 559 3180 ίνα
590 3111 695 3200 μηδὲν
726 3115 862 3195 ἀνάξιον
891 3116 1128 3201 ἐπιτηδεύσωσι

190 3316 205 3364 2
226 3307 393 3384 ἐκκομισ<αι
410 3308 461 3382 τε>
483 3309 506 3362 Β
529 3307 560 3361 in
582 3325 635 3363 rae.
660 3315 730 3364 3-4
748 3309 804 3364 litt.
896 3317 928 3365 13
954 3305 1085 3380 ἀσμένοις
1104 3324 1127 3368 ο.

119 3381 208 3436 Cobet
231 3382 296 3439 Oba.
319 3401 346 3452 p.
368 3387 417 3436 132
510 3385 542 3434 15
561 3377 702 3450 διαφόρου
722 3381 784 3437 add.
804 3381 827 3433 Β
848 3383 853 3451 Ι
873 3378 905 3435 δέ
925 3383 1020 3438 om.B
1094 3389 1126 3440 16

120 3449 269 3524 ἐρανισμοῶ
288 3453 340 3507 ΑΒ
412 3457 447 3506 24
465 3449 637 3521 κατενεχθέν
655 3452 678 3505 Β
