2414 3840
85 169 129 235 22
515 173 678 220 -Δ-“

86 332 354 417 παρεσκεύασμαι
376 341 485 396 ποιεῖν
504 331 692 416 ἀχθόμενοί
706 354 741 396 τε
759 326 815 396 καί
833 329 1103 409 ἀναξιοπαθοῦν-

51 439 152 516 2τες·
190 438 225 504 οῖ
254 435 425 504 δανεισταὶ
457 434 518 523 μὲν
551 438 602 502 ὅτι
633 439 713 514 τοὺς
743 437 886 520 πένητας
916 437 1012 521 ὑμῶν
1041 437 1104 503 οὐκ

87 550 182 608 εῖασα
204 544 266 627 τήν
290 544 487 630 ἐλευθερίαν
511 543 740 629 ἀφαιρεθῆναι
766 544 850 628 πρὸς
872 544 913 608 τδι
935 542 1015 629 χρέα
1042 539 1100 608 ὑπ’

87 649 198 713 αὐτῶν
226 647 404 733 ἀχθέντας·
437 650 473 714 οί
494 647 532 715 δὲ
555 651 873 734 κατανοσφιζόμενοι
895 651 936 715 τδι
959 652 1104 734 δημόσια

59 752 142 819 ικαὶ
169 753 376 838 κατέχοντες,
404 756 448 839 ήν
476 756 571 840 ὑμεῖς
601 753 645 820 δι’
672 757 809 840 αἵματος
832 755 1016 839 ἐκτήσασθε
1038 765 1105 840 γήν

87 860 232 926 ἐκλιπεῖν
256 860 528 947 ἀναγκαζόμενοι,
553 863 663 948 ὥσπερ
686 863 727 927 τά
744 870 882 950 πατρῷα
901 863 1106 947 ἀποστερού-

86 989 182 1051 μενοι
203 964 259 1031 καλ
283 967 324 1032 οὐ
345 967 522 1054 τάλλότρια
546 968 776 1044 ἀποδιδόντες·
814 967 850 1031 οί
871 965 903 1032 δ’
931 966 1104 1052 ἀνειμένοι

85 1083 153 1138 τῶν
181 1074 350 1159 εἰσφορῶν
373 1085 440 1140 τῶν
464 1076 511 1151 εἰς
533 1076 612 1151 τοὺς
634 1073 814 1159 πολέμους,
843 1075 874 1139 εί
894 1077 1101 1158 τιμήσασθαι

85 1183 164 1257 τοὺς
191 1183 286 1264 βίους
313 1180 629 1265 ἀναγκασθήσονται
650 1177 706 1246 καὶ
728 1181 793 1246 ἀπὸ
816 1193 884 1247 τῶν
905 1181 1160 1266 τιμημάτωνῖο4

51 1286 145 1362 ιοτάς
173 1288 332 1373 είσφορδις
359 1286 607 1372 συνεισφέρειν·
639 1296 737 1372 κοινή
761 1283 798 1352 δὲ
822 1287 1023 1371 σύμπαντες,
1053 1287 1106 1353 ότι

85 1393 168 1457 κατὰ
186 1395 313 1477 νόμους
330 1392 580 1478 γεγραμμένους
598 1393 843 1476 ἐθισθήσονται
862 1399 918 1477 ζήν
937 1395 978 1458 τὰ
992 1395 1106 1459 δίκαια

88 1497 121 1576 ἐξ
142 1504 217 1564 ίσου
237 1489 388 1576 διδόντες
405 1499 486 1584 ὑμῖν
499 1497 555 1564 καὶ
569 1499 805 1584 λαμβάνοντες,
825 1496 897 1564 ἀλλ’
916 1500 977 1584 οὐχ
993 1501 1104 1585 ὥσπερ

86 1604 336 1691 ἀργυρωνήτοις
357 1608 629 1692 παραχρήσονται
652 1616 722 1682 τοῖς
743 1605 902 1689 πένησιν,
926 1605 944 1670 ὃ
967 1616 1106 1672 ποιοῦσι

50 1713 159 1776 3νῦν.
198 1709 252 1776 καὶ
282 1720 385 1776 ταῦτα
416 1712 457 1794 δή
488 1713 528 1776 τά
558 1711 742 1797 ἐγκλήματα
770 1708 1029 1794 συνενέγκαντες
1057 1715 1105 1790 εἰς

51 1835 72 1875 ισ
85 1819 123 1882 τὸ
146 1820 264 1884 κοινὸν
287 1820 529 1902 βεβούλευνταί
544 1841 579 1883 τε
597 1816 653 1883 καλ
672 1821 930 1904 συνομωμόκασι
948 1818 1105 1902 κατάγειν

85 1926 164 2001 τοὺς
192 1925 346 2009 φυγάδας
372 1922 428 1989 καὶ
454 1935 525 2002 τοῖς
548 1928 706 2010 Μαρκίου
729 1923 823 1991 παισὶ
845 1926 907 2009 τήν
930 1927 1105 2008 βασιλείαν

85 2030 300 2113 ἀποδιδόναι,
331 2029 390 2106 οὓς
416 2029 510 2114 ὑμεῖς
542 2032 730 2115 Ταρκύνιον
759 2030 1016 2107 ἀποκτείναντας
1043 2032 1104 2096 τὸν

86 2136 224 2221 βασιλέα
246 2136 341 2221 ὑμῶν
365 2137 474 2222 ἀνδρα
496 2137 641 2222 χρηστὸν
663 2135 720 2202 καὶ
742 2139 922 2221 φιλόπολιν
939 2134 996 2202 καὶ
1013 2142 1104 2220 τηλι-

85 2253 186 2309 κοῦτο
212 2240 498 2329 διαπραξαμένους
521 2244 603 2326 ἀγος
619 2243 677 2319 τάς
694 2265 730 2306 τε
749 2244 843 2318 δίκας
860 2241 1004 2328 έρήμους
1017 2241 1104 2307 έκλι-

51 2367 73 2407 20
86 2354 211 2427 πόντας
244 2347 300 2415 καὶ
333 2359 442 2435 φυγής
474 2349 605 2426 ἑαυτοῖς
635 2347 880 2433 τιμησαμένους
911 2349 1016 2432 πυρὸς
1047 2345 1104 2412 καὶ

84 2457 207 2533 ὕδατος
230 2462 354 2542 εἴργειν
378 2455 603 2541 ἐψηφίσασθε·
634 2457 773 2540 ἔμελλόν
796 2449 841 2537 τ’,
865 2456 897 2519 εί
912 2455 956 2539 μή
975 2460 1104 2519 θᾶττον

85 2559 159 2645 ἐμοὶ
186 2559 262 2645 περὶ
289 2562 418 2627 τούτων
446 2560 577 2645 ἐγένετο
605 2564 762 2646 μήνυσις,
796 2560 928 2644 ξενικήν
957 2561 1104 2644 δύναμιν

85 2667 285 2752 ἐπαγόμενοι
307 2669 428 2743 νυκτὸς
451 2670 500 2732 ἐτι
521 2669 649 2750 πολλήν
671 2668 826 2751 κατάγειν
850 2668 897 2745 εἰς
919 2668 980 2750 τήν
1002 2669 1103 2732 πόλιν

157 2882 173 2929 3
192 2876 263 2948 πρὸς
280 2875 316 2929 τὰ
334 2873 403 2946 χρέα
421 2876 486 2929 add.
506 2877 529 2929 B
596 2883 614 2930 4
632 2877 818 2947 ἀπαχθέντας
836 2894 860 2935 c.
879 2876 1009 2931 Niebuhr
1027 2876 1102 2932 Hist.

84 2947 182 3002 rom.l
200 2966 227 3001 n.
244 2953 312 3002 1266
367 2952 383 3000 5
402 2945 452 3000 καλ
471 2945 531 3021 ἰδίᾳ
545 2945 710 3017 κατέχοντες
723 2966 746 3003 ο.
761 2948 907 3018 Kiessling
922 2951 927 3014 1
944 2943 1103 3013 ἐκτήσασθε

85 3017 161 3111 §Bb
199 3014 374 3086 ἐκτήσασθαι
392 3017 441 3072 Ba
517 3014 718 3092 6ἐκλ<ι>πεῖν
736 3020 783 3074 Ba
857 3017 1039 3089 λτάλλότρια
1057 3017 1104 3073 Ba

84 3112 233 3212 ἀάλλότρια
250 3142 297 3196 Bb
362 3149 550 3215 8συμφορῶν
568 3143 593 3196 Α
610 3146 614 3206 Ι
630 3141 670 3266 &lg
690 3142 730 3207 είς
748 3142 774 3195 Α
837 3149 870 3198 10
889 3141 1102 3213 καταφέρεινΒ

122 3220 155 3269 12
176 3215 305 3269 δίδονται
322 3214 368 3268 Ba
439 3220 472 3267 14
490 3223 543 3271 νῦν
562 3214 626 3269 add.
734 3220 767 3270 15
784 3234 815 3270 τε
833 3214 897 3269 add.
916 3213 939 3266 B
956 3219 960 3282 Ι
977 3232 1104 3284 συνωμο-

85 3284 220 3410 μὶόκεισαν
234 3287 260 3338 Α
314 3292 348 3340 20
368 3279 486 3349 ἕαυτοδς
499 3285 546 3339 Bb
562 3291 567 3355 Ι
583 3283 788 3357 τιμησαμένους
802 3285 825 3338 Β
861 3283 1104 3356 ταμιευσαμένους

183 3364 217 3412 22
237 3355 351 3425 ξενικὴν
370 3355 535 3426 δόναμινΒ
571 3356 686 3425 ξενικήν
704 3377 769 3412 τινα
788 3358 814 3413 δ,
832 3357 858 3409 R
946 3362 980 3412 23
999 3360 1103 3426 πολλῆς

86 3427 163 3482 ABa
198 3426 304 3496 πολλήν
323 3428 369 3482 Bb
