<?xml version="1.0" encoding="UTF-8"?>
<!DOCTYPE html PUBLIC "-//W3C//DTD XHTML 1.0 Transitional//EN"
    "http://www.w3.org/TR/xhtml1/DTD/xhtml1-transitional.dtd">
<html xmlns="http://www.w3.org/1999/xhtml" xml:lang="en" lang="en">
 <head>
  <title>
</title>
<meta http-equiv="Content-Type" content="text/html;charset=utf-8" />
  <meta name='ocr-system' content='tesseract 3.04.00' />
  <meta name='ocr-capabilities' content='ocr_page ocr_carea ocr_par ocr_line ocrx_word'/>
</head>
<body>
  <div class='ocr_page' id='page_1' title='image "./dionysihalicarn02diongoog_0372.png"; bbox 0 0 2414 3840; ppageno 0'>
   <div class='ocr_carea' id='block_1_1' title="bbox 522 199 682 247">
    <p class='ocr_par' dir='ltr' id='par_1_1' title="bbox 522 199 682 247">
     <span class='ocr_line' id='line_1_1' title="bbox 522 199 682 247; baseline 0.006 -14"><span class='ocrx_word' id='word_1_1' title='bbox 522 199 682 247; x_wconf 82' lang='grc' dir='ltr'><strong><em>..ς-</em></strong></span> 
     </span>
    </p>
   </div>
   <div class='ocr_carea' id='block_1_2' title="bbox 27 353 1191 2878">
    <p class='ocr_par' dir='ltr' id='par_1_2' title="bbox 27 353 1162 1288">
     <span class='ocr_line' id='line_1_2' title="bbox 101 353 1120 441; baseline -0.006 -18"><span class='ocrx_word' id='word_1_2' title='bbox 101 356 279 431; x_wconf 87' lang='grc' dir='ltr'><strong><em>ἐλάττονος</em></strong></span> <span class='ocrx_word' id='word_1_3' title='bbox 297 357 402 432; x_wconf 79' lang='grc' dir='ltr'><strong><em>αἰτίας</em></strong></span> <span class='ocrx_word' id='word_1_4' title='bbox 421 353 630 440; x_wconf 77' lang='grc' dir='ltr'><strong><em>ὁρμηθέντας</em></strong></span> <span class='ocrx_word' id='word_1_5' title='bbox 648 354 728 441; x_wconf 82' lang='grc' dir='ltr'><strong><em>πρὶν</em></strong></span> <span class='ocrx_word' id='word_1_6' title='bbox 744 355 793 438; x_wconf 75' lang='grc' dir='ltr'><strong><em>[ἢ]</em></strong></span> <span class='ocrx_word' id='word_1_7' title='bbox 810 357 978 439; x_wconf 78' lang='grc' dir='ltr'><strong><em>βλαβῆναί</em></strong></span> <span class='ocrx_word' id='word_1_8' title='bbox 993 377 1025 418; x_wconf 90' lang='grc' dir='ltr'><strong><em>τι</em></strong></span> <span class='ocrx_word' id='word_1_9' title='bbox 1039 354 1120 418; x_wconf 87' lang='grc' dir='ltr'><strong><em>ἀπο-</em></strong></span> 
     </span>
     <span class='ocr_line' id='line_1_3' title="bbox 102 461 1119 547; baseline -0.007 -17"><span class='ocrx_word' id='word_1_10' title='bbox 102 462 278 541; x_wconf 81' lang='grc' dir='ltr'><strong><em>δείξασθαι</em></strong></span> <span class='ocrx_word' id='word_1_11' title='bbox 309 462 346 526; x_wconf 85' lang='grc' dir='ltr'><strong><em>τὸ</em></strong></span> <span class='ocrx_word' id='word_1_12' title='bbox 379 472 552 545; x_wconf 80' lang='grc' dir='ltr'><strong><em>γενναῖον,</em></strong></span> <span class='ocrx_word' id='word_1_13' title='bbox 585 461 606 546; x_wconf 77' lang='grc' dir='ltr'><em>ἢ</em></span> <span class='ocrx_word' id='word_1_14' title='bbox 638 464 746 528; x_wconf 84' lang='grc' dir='ltr'><strong><em>πολλά</em></strong></span> <span class='ocrx_word' id='word_1_15' title='bbox 774 461 1018 547; x_wconf 79' lang='grc' dir='ltr'><strong><em>ὑπομείναντας</em></strong></span> <span class='ocrx_word' id='word_1_16' title='bbox 1045 461 1119 524; x_wconf 87' lang='grc' dir='ltr'><strong><em>τότε</em></strong></span> 
     </span>
     <span class='ocr_line' id='line_1_4' title="bbox 101 565 1119 653; baseline -0.006 -17"><span class='ocrx_word' id='word_1_17' title='bbox 101 570 301 653; x_wconf 77' lang='grc' dir='ltr'><strong><em>ἀγανακτεῖν</em></strong></span> <span class='ocrx_word' id='word_1_18' title='bbox 324 565 399 651; x_wconf 88' lang='grc' dir='ltr'><strong><em>περί</em></strong></span> <span class='ocrx_word' id='word_1_19' title='bbox 422 578 489 631; x_wconf 83' lang='grc' dir='ltr'><strong><em>τῶν</em></strong></span> <span class='ocrx_word' id='word_1_20' title='bbox 513 570 702 650; x_wconf 81' lang='grc' dir='ltr'><strong><em>γεγονότων</em></strong></span> <span class='ocrx_word' id='word_1_21' title='bbox 724 567 779 634; x_wconf 87' lang='grc' dir='ltr'><strong><em>καί</em></strong></span> <span class='ocrx_word' id='word_1_22' title='bbox 802 569 846 652; x_wconf 77' lang='grc' dir='ltr'><strong><em>μὴ</em></strong></span> <span class='ocrx_word' id='word_1_23' title='bbox 870 565 1055 653; x_wconf 78' lang='grc' dir='ltr'><strong><em>ἐπιτρέπειν</em></strong></span> <span class='ocrx_word' id='word_1_24' title='bbox 1079 566 1119 630; x_wconf 82' lang='grc' dir='ltr'><strong><em>τά</em></strong></span> 
     </span>
     <span class='ocr_line' id='line_1_5' title="bbox 102 668 1119 760; baseline -0.003 -20"><span class='ocrx_word' id='word_1_25' title='bbox 102 676 203 740; x_wconf 84' lang='grc' dir='ltr'><strong><em>λοιπά</em></strong></span> <span class='ocrx_word' id='word_1_26' title='bbox 224 670 280 738; x_wconf 89' lang='grc' dir='ltr'><strong><em>καί</em></strong></span> <span class='ocrx_word' id='word_1_27' title='bbox 304 669 365 751; x_wconf 72' lang='grc' dir='ltr'><strong><em>ὀψὲ</em></strong></span> <span class='ocrx_word' id='word_1_28' title='bbox 384 672 552 757; x_wconf 77' lang='grc' dir='ltr'><strong><em>ἄρξασθαι</em></strong></span> <span class='ocrx_word' id='word_1_29' title='bbox 570 683 655 739; x_wconf 85' lang='grc' dir='ltr'><strong><em>νοῦν</em></strong></span> <span class='ocrx_word' id='word_1_30' title='bbox 674 677 770 759; x_wconf 79' lang='grc' dir='ltr'><strong><em>ἔχειν.</em></strong></span> <span class='ocrx_word' id='word_1_31' title='bbox 809 676 953 760; x_wconf 81' lang='grc' dir='ltr'><strong><em>φοβείτω</em></strong></span> <span class='ocrx_word' id='word_1_32' title='bbox 974 668 1005 738; x_wconf 80' lang='grc' dir='ltr'><strong><em>δ’</em></strong></span> <span class='ocrx_word' id='word_1_33' title='bbox 1023 673 1119 756; x_wconf 81' lang='grc' dir='ltr'><strong><em>ὑμῶν</em></strong></span> 
     </span>
     <span class='ocr_line' id='line_1_6' title="bbox 101 779 1162 865; baseline -0.002 -20"><span class='ocrx_word' id='word_1_34' title='bbox 101 779 230 865; x_wconf 78' lang='grc' dir='ltr'><strong><em>μηδένα</em></strong></span> <span class='ocrx_word' id='word_1_35' title='bbox 253 782 333 863; x_wconf 81' lang='grc' dir='ltr'><strong><em>μήτε</em></strong></span> <span class='ocrx_word' id='word_1_36' title='bbox 356 779 375 845; x_wconf 85' lang='grc' dir='ltr'>ὁ</span> <span class='ocrx_word' id='word_1_37' title='bbox 398 790 465 844; x_wconf 86' lang='grc' dir='ltr'><strong><em>τών</em></strong></span> <span class='ocrx_word' id='word_1_38' title='bbox 484 779 679 846; x_wconf 79' lang='grc' dir='ltr'><strong><em>ἀποστατῶν</em></strong></span> <span class='ocrx_word' id='word_1_39' title='bbox 698 781 897 864; x_wconf 80' lang='grc' dir='ltr'><strong><em>ἀνασεισμὸς</em></strong></span> <span class='ocrx_word' id='word_1_40' title='bbox 915 783 995 864; x_wconf 79' lang='grc' dir='ltr'><strong><em>μήτε</em></strong></span> <span class='ocrx_word' id='word_1_41' title='bbox 1015 779 1118 844; x_wconf 85' lang='grc' dir='ltr'><strong><em>ὁτῶν</em></strong></span> <span class='ocrx_word' id='word_1_42' title='bbox 1145 794 1162 834; x_wconf 53' lang='grc' dir='ltr'><strong><em>ί1</em></strong></span> 
     </span>
     <span class='ocr_line' id='line_1_7' title="bbox 103 886 1120 970; baseline -0.002 -20"><span class='ocrx_word' id='word_1_43' title='bbox 103 886 305 969; x_wconf 80' lang='grc' dir='ltr'><strong><em>ἀλλοφύλων</em></strong></span> <span class='ocrx_word' id='word_1_44' title='bbox 331 887 488 969; x_wconf 85' lang='grc' dir='ltr'><strong><em>πόλεμος·</em></strong></span> <span class='ocrx_word' id='word_1_45' title='bbox 520 889 601 970; x_wconf 78' lang='grc' dir='ltr'><strong><em>μήτε</em></strong></span> <span class='ocrx_word' id='word_1_46' title='bbox 628 887 889 970; x_wconf 84' lang='grc' dir='ltr'><strong><em>καταγινώσκετε</em></strong></span> <span class='ocrx_word' id='word_1_47' title='bbox 916 894 974 969; x_wconf 77' lang='grc' dir='ltr'><strong><em>τῆς</em></strong></span> <span class='ocrx_word' id='word_1_48' title='bbox 998 887 1120 960; x_wconf 90' lang='grc' dir='ltr'><strong><em>οἰκείας</em></strong></span> 
     </span>
     <span class='ocr_line' id='line_1_8' title="bbox 27 991 1119 1077; baseline 0 -23"><span class='ocrx_word' id='word_1_49' title='bbox 27 992 278 1076; x_wconf 75' lang='grc' dir='ltr'><strong><em>1182δυνάμεως</em></strong></span> <span class='ocrx_word' id='word_1_50' title='bbox 306 992 351 1068; x_wconf 84' lang='grc' dir='ltr'><strong><em>ὡς</em></strong></span> <span class='ocrx_word' id='word_1_51' title='bbox 379 991 440 1075; x_wconf 89' lang='grc' dir='ltr'><strong><em>οὐχ</em></strong></span> <span class='ocrx_word' id='word_1_52' title='bbox 469 992 583 1074; x_wconf 79' lang='grc' dir='ltr'><strong><em>ίκανης</em></strong></span> <span class='ocrx_word' id='word_1_53' title='bbox 611 992 714 1077; x_wconf 87' lang='grc' dir='ltr'><strong><em>ούσης</em></strong></span> <span class='ocrx_word' id='word_1_54' title='bbox 743 994 904 1058; x_wconf 83' lang='grc' dir='ltr'><strong><em>διασῶσαι</em></strong></span> <span class='ocrx_word' id='word_1_55' title='bbox 927 992 988 1074; x_wconf 81' lang='grc' dir='ltr'><strong><em>τὴν</em></strong></span> <span class='ocrx_word' id='word_1_56' title='bbox 1011 994 1119 1055; x_wconf 89' lang='grc' dir='ltr'><strong><em>πόλιν.</em></strong></span> 
     </span>
     <span class='ocr_line' id='line_1_9' title="bbox 101 1095 1153 1182; baseline -0.002 -20"><span class='ocrx_word' id='word_1_57' title='bbox 101 1098 123 1182; x_wconf 81' lang='grc' dir='ltr'><strong><em>η</em></strong></span> <span class='ocrx_word' id='word_1_58' title='bbox 148 1095 210 1182; x_wconf 72' lang='grc' dir='ltr'><strong><em>μέν</em></strong></span> <span class='ocrx_word' id='word_1_59' title='bbox 233 1100 296 1182; x_wconf 85' lang='grc' dir='ltr'><strong><em>γάρ</em></strong></span> <span class='ocrx_word' id='word_1_60' title='bbox 319 1107 386 1162; x_wconf 79' lang='grc' dir='ltr'><strong><em>τῶν</em></strong></span> <span class='ocrx_word' id='word_1_61' title='bbox 405 1098 569 1179; x_wconf 77' lang='grc' dir='ltr'><strong><em>φυγάδων</em></strong></span> <span class='ocrx_word' id='word_1_62' title='bbox 588 1099 726 1182; x_wconf 81' lang='grc' dir='ltr'><strong><em>βραχεῖά</em></strong></span> <span class='ocrx_word' id='word_1_63' title='bbox 745 1097 835 1163; x_wconf 91' lang='grc' dir='ltr'><strong><em>ἐστιν</em></strong></span> <span class='ocrx_word' id='word_1_64' title='bbox 856 1099 949 1181; x_wconf 88' lang='grc' dir='ltr'><strong><em>ἰσχὺς</em></strong></span> <span class='ocrx_word' id='word_1_65' title='bbox 967 1095 1021 1161; x_wconf 80' lang='grc' dir='ltr'><strong><em>καί</em></strong></span> <span class='ocrx_word' id='word_1_66' title='bbox 1042 1097 1153 1161; x_wconf 83' lang='grc' dir='ltr'><strong><em>ούτε3</em></strong></span> 
     </span>
     <span class='ocr_line' id='line_1_10' title="bbox 102 1201 1120 1288; baseline -0.001 -20"><span class='ocrx_word' id='word_1_67' title='bbox 102 1205 211 1268; x_wconf 83' lang='grc' dir='ltr'><strong><em>πολὺν</em></strong></span> <span class='ocrx_word' id='word_1_68' title='bbox 234 1201 367 1282; x_wconf 79' lang='grc' dir='ltr'><strong><em>ἀνθέξει</em></strong></span> <span class='ocrx_word' id='word_1_69' title='bbox 389 1205 514 1288; x_wconf 85' lang='grc' dir='ltr'><strong><em>χρόνον</em></strong></span> <span class='ocrx_word' id='word_1_70' title='bbox 538 1201 758 1287; x_wconf 90' lang='grc' dir='ltr'><strong><em>διαμένουσα,</em></strong></span> <span class='ocrx_word' id='word_1_71' title='bbox 783 1205 892 1284; x_wconf 79' lang='grc' dir='ltr'><strong><em>ὥσπερ</em></strong></span> <span class='ocrx_word' id='word_1_72' title='bbox 916 1211 995 1286; x_wconf 84' lang='grc' dir='ltr'><strong><em>νῦν,</em></strong></span> <span class='ocrx_word' id='word_1_73' title='bbox 1023 1204 1120 1268; x_wconf 82' lang='grc' dir='ltr'><strong><em>ὑπαί-</em></strong></span> 
     </span>
    </p>

    <p class='ocr_par' dir='ltr' id='par_1_3' title="bbox 42 1300 1191 2559">
     <span class='ocr_line' id='line_1_11' title="bbox 42 1300 1160 1397; baseline -0.001 -23"><span class='ocrx_word' id='word_1_74' title='bbox 42 1300 45 1305; x_wconf 50' lang='grc'><strong>’</strong></span> <span class='ocrx_word' id='word_1_75' title='bbox 101 1315 202 1395; x_wconf 87' lang='grc' dir='ltr'><strong><em>θριος</em></strong></span> <span class='ocrx_word' id='word_1_76' title='bbox 227 1308 344 1393; x_wconf 89' lang='grc' dir='ltr'><strong><em>[μένει]</em></strong></span> <span class='ocrx_word' id='word_1_77' title='bbox 368 1308 433 1374; x_wconf 85' lang='grc' dir='ltr'><strong><em>ὑπὸ</em></strong></span> <span class='ocrx_word' id='word_1_78' title='bbox 455 1311 616 1392; x_wconf 85' lang='grc' dir='ltr'><strong><em>καλύβαις</em></strong></span> <span class='ocrx_word' id='word_1_79' title='bbox 634 1312 705 1396; x_wconf 81' lang='grc' dir='ltr'><strong><em>ώρᾳ</em></strong></span> <span class='ocrx_word' id='word_1_80' title='bbox 724 1312 819 1387; x_wconf 80' lang='grc' dir='ltr'><strong><em>ἔτους</em></strong></span> <span class='ocrx_word' id='word_1_81' title='bbox 838 1311 1002 1397; x_wconf 81' lang='grc' dir='ltr'><strong><em>χειμερίῳ,</em></strong></span> <span class='ocrx_word' id='word_1_82' title='bbox 1026 1311 1119 1394; x_wconf 88' lang='grc' dir='ltr'><strong><em>πορί-</em></strong></span> <span class='ocrx_word' id='word_1_83' title='bbox 1134 1326 1160 1365; x_wconf 82' lang='lat'><strong><em>1⁰</em></strong></span> 
     </span>
     <span class='ocr_line' id='line_1_12' title="bbox 104 1400 1191 1500; baseline -0.001 -20"><span class='ocrx_word' id='word_1_84' title='bbox 104 1418 222 1493; x_wconf 79' lang='grc' dir='ltr'><strong><em>ζεσθαι</em></strong></span> <span class='ocrx_word' id='word_1_85' title='bbox 245 1411 283 1480; x_wconf 74' lang='grc' dir='ltr'><strong><em>δέ</em></strong></span> <span class='ocrx_word' id='word_1_86' title='bbox 305 1416 345 1479; x_wconf 84' lang='grc' dir='ltr'><strong><em>τά</em></strong></span> <span class='ocrx_word' id='word_1_87' title='bbox 368 1414 537 1498; x_wconf 81' lang='grc' dir='ltr'><strong><em>ἐπιτήδεια</em></strong></span> <span class='ocrx_word' id='word_1_88' title='bbox 560 1415 622 1499; x_wconf 85' lang='grc' dir='ltr'><strong><em>οὐχ</em></strong></span> <span class='ocrx_word' id='word_1_89' title='bbox 646 1416 734 1491; x_wconf 86' lang='grc' dir='ltr'><strong><em>ὅπως</em></strong></span> <span class='ocrx_word' id='word_1_90' title='bbox 758 1413 803 1479; x_wconf 86' lang='grc' dir='ltr'><strong><em>δι’</em></strong></span> <span class='ocrx_word' id='word_1_91' title='bbox 827 1414 976 1500; x_wconf 77' lang='grc' dir='ltr'><strong><em>ἁρπαγης</em></strong></span> <span class='ocrx_word' id='word_1_92' title='bbox 995 1418 1043 1480; x_wconf 82' lang='grc' dir='ltr'><strong><em>ἔτι</em></strong></span> <span class='ocrx_word' id='word_1_93' title='bbox 1063 1416 1121 1480; x_wconf 94' lang='grc' dir='ltr'><strong><em>δυ-</em></strong></span> <span class='ocrx_word' id='word_1_94' title='bbox 1190 1400 1191 1407; x_wconf 25' lang='lat'>¹</span> 
     </span>
     <span class='ocr_line' id='line_1_13' title="bbox 101 1514 1121 1605; baseline 0 -21"><span class='ocrx_word' id='word_1_95' title='bbox 101 1517 272 1605; x_wconf 92' lang='grc' dir='ltr'><strong><em>νησομένη</em></strong></span> <span class='ocrx_word' id='word_1_96' title='bbox 305 1520 440 1586; x_wconf 84' lang='grc' dir='ltr'><strong><em>ἐπειδάν</em></strong></span> <span class='ocrx_word' id='word_1_97' title='bbox 473 1522 512 1583; x_wconf 84' lang='grc' dir='ltr'><strong><em>τά</em></strong></span> <span class='ocrx_word' id='word_1_98' title='bbox 545 1521 625 1584; x_wconf 76' lang='grc' dir='ltr'><strong><em>ὄντα</em></strong></span> <span class='ocrx_word' id='word_1_99' title='bbox 657 1519 831 1605; x_wconf 80' lang='grc' dir='ltr'><strong><em>ἀναλώσῃ,</em></strong></span> <span class='ocrx_word' id='word_1_100' title='bbox 869 1514 942 1585; x_wconf 87' lang='grc' dir='ltr'><strong><em>ἀλλ’</em></strong></span> <span class='ocrx_word' id='word_1_101' title='bbox 972 1515 1047 1585; x_wconf 91' lang='grc' dir='ltr'><strong><em>οὐδ’</em></strong></span> <span class='ocrx_word' id='word_1_102' title='bbox 1079 1519 1121 1584; x_wconf 85' lang='grc' dir='ltr'><strong><em>ἀν</em></strong></span> 
     </span>
     <span class='ocr_line' id='line_1_14' title="bbox 102 1618 1123 1712; baseline -0.002 -20"><span class='ocrx_word' id='word_1_103' title='bbox 102 1629 250 1692; x_wconf 85' lang='grc' dir='ltr'><strong><em>άλλοθεν</em></strong></span> <span class='ocrx_word' id='word_1_104' title='bbox 274 1626 384 1711; x_wconf 79' lang='grc' dir='ltr'><strong><em>ὠνητά</em></strong></span> <span class='ocrx_word' id='word_1_105' title='bbox 402 1625 638 1709; x_wconf 74' lang='grc' dir='ltr'><strong><em>ἐπεισάγεσθαι</em></strong></span> <span class='ocrx_word' id='word_1_106' title='bbox 657 1626 713 1691; x_wconf 83' lang='grc' dir='ltr'><strong><em>διὰ</em></strong></span> <span class='ocrx_word' id='word_1_107' title='bbox 731 1629 860 1708; x_wconf 85' lang='grc' dir='ltr'><strong><em>πενίαν,</em></strong></span> <span class='ocrx_word' id='word_1_108' title='bbox 884 1618 935 1702; x_wconf 84' lang='grc' dir='ltr'><strong><em>οἷς</em></strong></span> <span class='ocrx_word' id='word_1_109' title='bbox 955 1626 1031 1690; x_wconf 79' lang='grc' dir='ltr'><strong><em>οὔτε</em></strong></span> <span class='ocrx_word' id='word_1_110' title='bbox 1052 1627 1123 1712; x_wconf 78' lang='grc' dir='ltr'><strong><em>ἰδία</em></strong></span> 
     </span>
     <span class='ocr_line' id='line_1_15' title="bbox 102 1728 1121 1821; baseline -0.001 -23"><span class='ocrx_word' id='word_1_111' title='bbox 102 1730 177 1799; x_wconf 74' lang='grc' dir='ltr'><strong><em>οὔτ’</em></strong></span> <span class='ocrx_word' id='word_1_112' title='bbox 200 1731 238 1797; x_wconf 94' lang='grc' dir='ltr'><strong><em>ἐν</em></strong></span> <span class='ocrx_word' id='word_1_113' title='bbox 259 1741 362 1821; x_wconf 73' lang='grc' dir='ltr'><strong><em>κοινῷ</em></strong></span> <span class='ocrx_word' id='word_1_114' title='bbox 386 1732 536 1817; x_wconf 85' lang='grc' dir='ltr'><strong><em>χρηματά</em></strong></span> <span class='ocrx_word' id='word_1_115' title='bbox 560 1730 662 1796; x_wconf 85' lang='grc' dir='ltr'><strong><em>ἐστιν·</em></strong></span> <span class='ocrx_word' id='word_1_116' title='bbox 696 1732 731 1797; x_wconf 88' lang='grc' dir='ltr'><strong><em>οἰ</em></strong></span> <span class='ocrx_word' id='word_1_117' title='bbox 752 1728 789 1797; x_wconf 76' lang='grc' dir='ltr'><strong><em>δέ</em></strong></span> <span class='ocrx_word' id='word_1_118' title='bbox 811 1734 949 1815; x_wconf 83' lang='grc' dir='ltr'><strong><em>πόλεμοι</em></strong></span> <span class='ocrx_word' id='word_1_119' title='bbox 973 1743 1045 1808; x_wconf 81' lang='grc' dir='ltr'><strong><em>ταῖς</em></strong></span> <span class='ocrx_word' id='word_1_120' title='bbox 1067 1753 1121 1797; x_wconf 90' lang='grc' dir='ltr'><strong><em>πε-</em></strong></span> 
     </span>
     <span class='ocr_line' id='line_1_16' title="bbox 102 1836 1161 1924; baseline -0.001 -21"><span class='ocrx_word' id='word_1_121' title='bbox 102 1841 270 1924; x_wconf 89' lang='grc' dir='ltr'><strong><em>ριουσίαις</em></strong></span> <span class='ocrx_word' id='word_1_122' title='bbox 304 1848 372 1903; x_wconf 83' lang='grc' dir='ltr'><strong><em>τῶν</em></strong></span> <span class='ocrx_word' id='word_1_123' title='bbox 408 1838 586 1923; x_wconf 89' lang='grc' dir='ltr'><strong><em>χρημάτων</em></strong></span> <span class='ocrx_word' id='word_1_124' title='bbox 623 1837 668 1914; x_wconf 83' lang='grc' dir='ltr'><strong><em>ὡς</em></strong></span> <span class='ocrx_word' id='word_1_125' title='bbox 699 1839 740 1902; x_wconf 83' lang='grc' dir='ltr'><strong><em>τά</em></strong></span> <span class='ocrx_word' id='word_1_126' title='bbox 771 1839 877 1903; x_wconf 80' lang='grc' dir='ltr'><strong><em>πολλὰ</em></strong></span> <span class='ocrx_word' id='word_1_127' title='bbox 910 1836 1119 1922; x_wconf 88' lang='grc' dir='ltr'><strong><em>ἀντέχουσιν·</em></strong></span> <span class='ocrx_word' id='word_1_128' title='bbox 1135 1855 1161 1895; x_wconf 79' lang='lat'><strong><em>15</em></strong></span> 
     </span>
     <span class='ocr_line' id='line_1_17' title="bbox 102 1940 1121 2030; baseline 0 -21"><span class='ocrx_word' id='word_1_129' title='bbox 102 1944 246 2030; x_wconf 85' lang='grc' dir='ltr'><strong><em>ἀναρχία</em></strong></span> <span class='ocrx_word' id='word_1_130' title='bbox 274 1940 305 2006; x_wconf 88' lang='grc' dir='ltr'><strong><em>τ’</em></strong></span> <span class='ocrx_word' id='word_1_131' title='bbox 332 1943 446 2020; x_wconf 74' lang='grc' dir='ltr'><strong><em>αὐτοῖς</em></strong></span> <span class='ocrx_word' id='word_1_132' title='bbox 474 1943 518 2020; x_wconf 79' lang='grc' dir='ltr'><strong><em>ὡς</em></strong></span> <span class='ocrx_word' id='word_1_133' title='bbox 546 1945 632 2020; x_wconf 83' lang='grc' dir='ltr'><strong><em>εἰκὸς</em></strong></span> <span class='ocrx_word' id='word_1_134' title='bbox 657 1942 713 2009; x_wconf 82' lang='grc' dir='ltr'><strong><em>καί</em></strong></span> <span class='ocrx_word' id='word_1_135' title='bbox 742 1945 854 2021; x_wconf 91' lang='grc' dir='ltr'><strong><em>στάσις</em></strong></span> <span class='ocrx_word' id='word_1_136' title='bbox 882 1943 918 2009; x_wconf 89' lang='grc' dir='ltr'><strong><em>ἐκ</em></strong></span> <span class='ocrx_word' id='word_1_137' title='bbox 939 1952 997 2027; x_wconf 78' lang='grc' dir='ltr'><strong><em>τῆς</em></strong></span> <span class='ocrx_word' id='word_1_138' title='bbox 1021 1944 1121 2028; x_wconf 86' lang='grc' dir='ltr'><strong><em>ἀναρ-</em></strong></span> 
     </span>
     <span class='ocr_line' id='line_1_18' title="bbox 102 2047 1121 2135; baseline -0.002 -18"><span class='ocrx_word' id='word_1_139' title='bbox 102 2054 177 2135; x_wconf 85' lang='grc' dir='ltr'><strong><em>χίας</em></strong></span> <span class='ocrx_word' id='word_1_140' title='bbox 200 2049 386 2134; x_wconf 82' lang='grc' dir='ltr'><strong><em>ἐμπεσοῦσα</em></strong></span> <span class='ocrx_word' id='word_1_141' title='bbox 409 2052 492 2133; x_wconf 85' lang='grc' dir='ltr'><strong><em>ταχὺ</em></strong></span> <span class='ocrx_word' id='word_1_142' title='bbox 516 2052 625 2134; x_wconf 76' lang='grc' dir='ltr'><strong><em>διαχεῖ</em></strong></span> <span class='ocrx_word' id='word_1_143' title='bbox 647 2047 715 2131; x_wconf 84' lang='grc' dir='ltr'><strong><em>[καὶ</em></strong></span> <span class='ocrx_word' id='word_1_144' title='bbox 740 2051 904 2132; x_wconf 82' lang='grc' dir='ltr'><strong><em>διαλύσει]</em></strong></span> <span class='ocrx_word' id='word_1_145' title='bbox 924 2052 964 2115; x_wconf 82' lang='grc' dir='ltr'><strong><em>τά</em></strong></span> <span class='ocrx_word' id='word_1_146' title='bbox 982 2052 1121 2133; x_wconf 92' lang='grc' dir='ltr'><strong><em>βουλεύ-</em></strong></span> 
     </span>
     <span class='ocr_line' id='line_1_19' title="bbox 101 2155 1160 2242; baseline 0 -20"><span class='ocrx_word' id='word_1_147' title='bbox 101 2179 198 2242; x_wconf 82' lang='grc' dir='ltr'><strong><em>ματα.</em></strong></span> <span class='ocrx_word' id='word_1_148' title='bbox 236 2155 277 2221; x_wconf 89' lang='grc' dir='ltr'><strong><em>ού</em></strong></span> <span class='ocrx_word' id='word_1_149' title='bbox 299 2157 362 2240; x_wconf 87' lang='grc' dir='ltr'><strong><em>γάρ</em></strong></span> <span class='ocrx_word' id='word_1_150' title='bbox 386 2156 427 2239; x_wconf 79' lang='grc' dir='ltr'><strong><em>δη</em></strong></span> <span class='ocrx_word' id='word_1_151' title='bbox 448 2155 649 2236; x_wconf 81' lang='grc' dir='ltr'><strong><em>ἀξιώσουσιν</em></strong></span> <span class='ocrx_word' id='word_1_152' title='bbox 668 2157 744 2221; x_wconf 78' lang='grc' dir='ltr'><strong><em>οὔτε</em></strong></span> <span class='ocrx_word' id='word_1_153' title='bbox 759 2159 922 2239; x_wconf 86' lang='grc' dir='ltr'><strong><em>Σαβίνοις</em></strong></span> <span class='ocrx_word' id='word_1_154' title='bbox 941 2156 1016 2222; x_wconf 87' lang='grc' dir='ltr'><strong><em>ούτε</em></strong></span> <span class='ocrx_word' id='word_1_155' title='bbox 1035 2160 1119 2242; x_wconf 90' lang='grc' dir='ltr'><strong><em>Τυρ-</em></strong></span> <span class='ocrx_word' id='word_1_156' title='bbox 1138 2158 1160 2222; x_wconf 89' lang='grc'>4</span> 
     </span>
     <span class='ocr_line' id='line_1_20' title="bbox 102 2257 1121 2348; baseline 0.002 -22"><span class='ocrx_word' id='word_1_157' title='bbox 102 2271 220 2348; x_wconf 83' lang='grc' dir='ltr'><strong><em>ρηνοίς</em></strong></span> <span class='ocrx_word' id='word_1_158' title='bbox 253 2257 323 2327; x_wconf 77' lang='grc' dir='ltr'><strong><em>οὔτ’</em></strong></span> <span class='ocrx_word' id='word_1_159' title='bbox 349 2262 463 2337; x_wconf 82' lang='grc' dir='ltr'><strong><em>ἀλλοις</em></strong></span> <span class='ocrx_word' id='word_1_160' title='bbox 494 2259 561 2325; x_wconf 88' lang='grc' dir='ltr'><strong><em>τισί</em></strong></span> <span class='ocrx_word' id='word_1_161' title='bbox 590 2272 658 2327; x_wconf 86' lang='grc' dir='ltr'><strong><em>τῶν</em></strong></span> <span class='ocrx_word' id='word_1_162' title='bbox 687 2262 887 2346; x_wconf 84' lang='grc' dir='ltr'><strong><em>ἀλλοφύλων</em></strong></span> <span class='ocrx_word' id='word_1_163' title='bbox 915 2264 1121 2347; x_wconf 85' lang='grc' dir='ltr'><strong><em>παραδόντες</em></strong></span> 
     </span>
     <span class='ocr_line' id='line_1_21' title="bbox 102 2363 1160 2450; baseline -0.005 -18"><span class='ocrx_word' id='word_1_164' title='bbox 102 2376 193 2450; x_wconf 82' lang='grc' dir='ltr'><strong><em>σφᾶς</em></strong></span> <span class='ocrx_word' id='word_1_165' title='bbox 220 2367 355 2450; x_wconf 86' lang='grc' dir='ltr'><strong><em>αὐτούς,</em></strong></span> <span class='ocrx_word' id='word_1_166' title='bbox 385 2367 524 2444; x_wconf 84' lang='grc' dir='ltr'><strong><em>ἐκείνοις</em></strong></span> <span class='ocrx_word' id='word_1_167' title='bbox 552 2369 741 2450; x_wconf 90' lang='grc' dir='ltr'><strong><em>δουλεύειν,</em></strong></span> <span class='ocrx_word' id='word_1_168' title='bbox 771 2363 819 2432; x_wconf 83' lang='grc' dir='ltr'><strong><em>ὧν</em></strong></span> <span class='ocrx_word' id='word_1_169' title='bbox 846 2366 901 2433; x_wconf 85' lang='grc' dir='ltr'><strong><em>καί</em></strong></span> <span class='ocrx_word' id='word_1_170' title='bbox 925 2369 1024 2433; x_wconf 87' lang='grc' dir='ltr'><strong><em>αὐτοί</em></strong></span> <span class='ocrx_word' id='word_1_171' title='bbox 1043 2368 1116 2434; x_wconf 88' lang='grc' dir='ltr'><strong><em>ποτ’</em></strong></span> <span class='ocrx_word' id='word_1_172' title='bbox 1134 2389 1160 2428; x_wconf 85' lang='grc' dir='ltr'><strong><em>εο</em></strong></span> 
     </span>
     <span class='ocr_line' id='line_1_22' title="bbox 102 2473 1121 2559; baseline 0.001 -20"><span class='ocrx_word' id='word_1_173' title='bbox 102 2473 282 2558; x_wconf 90' lang='grc' dir='ltr'><strong><em>ἀφείλοντο</em></strong></span> <span class='ocrx_word' id='word_1_174' title='bbox 306 2475 369 2557; x_wconf 79' lang='grc' dir='ltr'><strong><em>τὴν</em></strong></span> <span class='ocrx_word' id='word_1_175' title='bbox 392 2473 590 2559; x_wconf 81' lang='grc' dir='ltr'><strong><em>ἐλευθερίαν</em></strong></span> <span class='ocrx_word' id='word_1_176' title='bbox 609 2476 673 2539; x_wconf 87' lang='grc' dir='ltr'><strong><em>σὺν</em></strong></span> <span class='ocrx_word' id='word_1_177' title='bbox 691 2473 783 2558; x_wconf 77' lang='grc' dir='ltr'><strong><em>ὑμῖν,</em></strong></span> <span class='ocrx_word' id='word_1_178' title='bbox 806 2473 861 2539; x_wconf 88' lang='grc' dir='ltr'><strong><em>καί</em></strong></span> <span class='ocrx_word' id='word_1_179' title='bbox 880 2476 1021 2558; x_wconf 87' lang='grc' dir='ltr'><strong><em>μάλιστα</em></strong></span> <span class='ocrx_word' id='word_1_180' title='bbox 1041 2473 1121 2540; x_wconf 74' lang='grc' dir='ltr'><strong><em>οὐδὲ</em></strong></span> 
     </span>
    </p>

    <p class='ocr_par' dir='ltr' id='par_1_4' title="bbox 28 2579 1122 2878">
     <span class='ocr_line' id='line_1_23' title="bbox 28 2579 1121 2665; baseline 0.001 -20"><span class='ocrx_word' id='word_1_181' title='bbox 28 2583 386 2664; x_wconf 81' lang='grc' dir='ltr'><strong><em>1183πιστευθησονται</em></strong></span> <span class='ocrx_word' id='word_1_182' title='bbox 414 2581 498 2662; x_wconf 82' lang='grc' dir='ltr'><strong><em>πρὸς</em></strong></span> <span class='ocrx_word' id='word_1_183' title='bbox 524 2579 634 2645; x_wconf 80' lang='grc' dir='ltr'><strong><em>αὐτῶν</em></strong></span> <span class='ocrx_word' id='word_1_184' title='bbox 657 2581 693 2645; x_wconf 88' lang='grc' dir='ltr'><strong><em>οἰ</em></strong></span> <span class='ocrx_word' id='word_1_185' title='bbox 712 2589 820 2657; x_wconf 81' lang='grc' dir='ltr'><strong><em>κακῶς</em></strong></span> <span class='ocrx_word' id='word_1_186' title='bbox 842 2580 953 2646; x_wconf 85' lang='grc' dir='ltr'><strong><em>αὑτῶν</em></strong></span> <span class='ocrx_word' id='word_1_187' title='bbox 976 2583 1037 2665; x_wconf 76' lang='grc' dir='ltr'><strong><em>τὴν</em></strong></span> <span class='ocrx_word' id='word_1_188' title='bbox 1060 2603 1121 2646; x_wconf 87' lang='grc' dir='ltr'><strong><em>πα-</em></strong></span> 
     </span>
     <span class='ocr_line' id='line_1_24' title="bbox 100 2683 1122 2773; baseline 0.003 -24"><span class='ocrx_word' id='word_1_189' title='bbox 100 2687 201 2769; x_wconf 90' lang='grc' dir='ltr'><strong><em>τρίδα</em></strong></span> <span class='ocrx_word' id='word_1_190' title='bbox 229 2683 284 2749; x_wconf 86' lang='grc' dir='ltr'><strong><em>καί</em></strong></span> <span class='ocrx_word' id='word_1_191' title='bbox 307 2685 450 2769; x_wconf 82' lang='grc' dir='ltr'><strong><em>αἰσχρῶς</em></strong></span> <span class='ocrx_word' id='word_1_192' title='bbox 475 2683 634 2750; x_wconf 89' lang='grc' dir='ltr'><strong><em>ἀπολέσαι</em></strong></span> <span class='ocrx_word' id='word_1_193' title='bbox 657 2684 949 2770; x_wconf 80' lang='grc' dir='ltr'><strong><em>προθυμηθέντες,</em></strong></span> <span class='ocrx_word' id='word_1_194' title='bbox 978 2689 1022 2771; x_wconf 75' lang='grc' dir='ltr'><strong><em>μὴ</em></strong></span> <span class='ocrx_word' id='word_1_195' title='bbox 1047 2687 1122 2773; x_wconf 85' lang='grc' dir='ltr'><strong><em>οὐχὶ</em></strong></span> 
     </span>
     <span class='ocr_line' id='line_1_25' title="bbox 102 2790 1122 2878; baseline 0.003 -22"><span class='ocrx_word' id='word_1_196' title='bbox 102 2791 204 2874; x_wconf 85' lang='grc' dir='ltr'><strong><em>ὅμοια</em></strong></span> <span class='ocrx_word' id='word_1_197' title='bbox 228 2790 364 2875; x_wconf 78' lang='grc' dir='ltr'><strong><em>δράσειν</em></strong></span> <span class='ocrx_word' id='word_1_198' title='bbox 389 2791 451 2874; x_wconf 77' lang='grc' dir='ltr'><strong><em>τὴν</em></strong></span> <span class='ocrx_word' id='word_1_199' title='bbox 474 2790 734 2875; x_wconf 83' lang='grc' dir='ltr'><strong><em>ὑποδεξαμένην.</em></strong></span> <span class='ocrx_word' id='word_1_200' title='bbox 777 2792 1060 2878; x_wconf 81' lang='grc' dir='ltr'><strong><em>ἀριστοκρατεῖται</em></strong></span> <span class='ocrx_word' id='word_1_201' title='bbox 1085 2792 1122 2859; x_wconf 77' lang='grc' dir='ltr'><strong><em>δὲ</em></strong></span> 
     </span>
    </p>
   </div>
   <div class='ocr_carea' id='block_1_3' title="bbox 176 3015 1119 3142">
    <p class='ocr_par' dir='ltr' id='par_1_5' title="bbox 176 3015 1119 3142">
     <span class='ocr_line' id='line_1_26' title="bbox 176 3015 1119 3142; baseline 0.003 -70"><span class='ocrx_word' id='word_1_202' title='bbox 176 3017 277 3142; x_wconf 54' lang='lat' dir='ltr'><strong><em>lugia»</em></strong></span> <span class='ocrx_word' id='word_1_203' title='bbox 297 3017 478 3090; x_wconf 79' lang='grc' dir='ltr'><strong><em>βλαβῆναιΟ</em></strong></span> <span class='ocrx_word' id='word_1_204' title='bbox 515 3018 582 3088; x_wconf 77' lang='grc' dir='ltr'><strong><em>πρὶν</em></strong></span> <span class='ocrx_word' id='word_1_205' title='bbox 605 3015 623 3086; x_wconf 76' lang='grc' dir='ltr'>ἢ</span> <span class='ocrx_word' id='word_1_206' title='bbox 649 3020 672 3091; x_wconf 93' lang='grc' dir='ltr'><strong><em>β.</em></strong></span> <span class='ocrx_word' id='word_1_207' title='bbox 692 3018 837 3088; x_wconf 80' lang='lat' dir='ltr'>Kiessling</span> <span class='ocrx_word' id='word_1_208' title='bbox 909 3022 993 3075; x_wconf 83' lang='grc' dir='ltr'><strong><em>8καλ</em></strong></span> <span class='ocrx_word' id='word_1_209' title='bbox 1013 3021 1119 3075; x_wconf 86' lang='grc' dir='ltr'><strong><em>ούτεΟ</em></strong></span> 
     </span>
    </p>
   </div>
   <div class='ocr_carea' id='block_1_4' title="bbox 97 3089 1119 3514">
    <p class='ocr_par' dir='ltr' id='par_1_6' title="bbox 97 3089 1119 3514">
     <span class='ocr_line' id='line_1_27' title="bbox 98 3089 208 3147; baseline -0.036 0"><span class='ocrx_word' id='word_1_210' title='bbox 98 3089 151 3147; x_wconf 89' lang='grc' dir='ltr'><strong><em>καί</em></strong></span> <span class='ocrx_word' id='word_1_211' title='bbox 175 3089 208 3143; x_wconf 84' lang='grc' dir='ltr'><strong><em>ού</em></strong></span> 
     </span>
     <span class='ocr_line' id='line_1_28' title="bbox 99 3157 1119 3234; baseline -0.004 -18"><span class='ocrx_word' id='word_1_212' title='bbox 99 3158 181 3234; x_wconf 86' lang='grc' dir='ltr'><strong><em>μένει</em></strong></span> <span class='ocrx_word' id='word_1_213' title='bbox 199 3159 276 3213; x_wconf 84' lang='lat' dir='ltr'><strong><em>ABb</em></strong></span> <span class='ocrx_word' id='word_1_214' title='bbox 309 3157 360 3230; x_wconf 71' lang='grc' dir='ltr'><strong><em>μὲν</em></strong></span> <span class='ocrx_word' id='word_1_215' title='bbox 378 3159 396 3228; x_wconf 80' lang='grc' dir='ltr'>ἡ</span> <span class='ocrx_word' id='word_1_216' title='bbox 416 3159 463 3214; x_wconf 82' lang='lat' dir='ltr'><strong><em>Ba</em></strong></span> <span class='ocrx_word' id='word_1_217' title='bbox 495 3158 590 3230; x_wconf 84' lang='grc' dir='ltr'><strong><em>μένειν</em></strong></span> <span class='ocrx_word' id='word_1_218' title='bbox 609 3160 713 3215; x_wconf 73' lang='lat' dir='ltr'>Relske</span> <span class='ocrx_word' id='word_1_219' title='bbox 747 3159 826 3231; x_wconf 88' lang='grc' dir='ltr'><strong><em>μένει</em></strong></span> <span class='ocrx_word' id='word_1_220' title='bbox 845 3161 960 3216; x_wconf 74' lang='lat' dir='ltr'><strong>seclusit</strong></span> <span class='ocrx_word' id='word_1_221' title='bbox 973 3159 1119 3230; x_wconf 83' lang='lat' dir='ltr'>Kiessling</span> 
     </span>
     <span class='ocr_line' id='line_1_29' title="bbox 99 3229 1118 3301; baseline -0.003 -15"><span class='ocrx_word' id='word_1_222' title='bbox 99 3239 134 3287; x_wconf 93' lang='lat'><strong><em>11</em></strong></span> <span class='ocrx_word' id='word_1_223' title='bbox 155 3229 348 3301; x_wconf 85' lang='grc' dir='ltr'><strong><em>δυνησομένης</em></strong></span> <span class='ocrx_word' id='word_1_224' title='bbox 366 3230 389 3283; x_wconf 94' lang='grc' dir='ltr'>Β</span> <span class='ocrx_word' id='word_1_225' title='bbox 473 3237 506 3284; x_wconf 79' lang='lat'><strong><em>12</em></strong></span> <span class='ocrx_word' id='word_1_226' title='bbox 526 3229 561 3286; x_wconf 80' lang='grc' dir='ltr'><strong><em>ἀν</em></strong></span> <span class='ocrx_word' id='word_1_227' title='bbox 581 3247 634 3285; x_wconf 89' lang='lat' dir='ltr'><strong><em>om.</em></strong></span> <span class='ocrx_word' id='word_1_228' title='bbox 653 3231 676 3283; x_wconf 94' lang='lat' dir='ltr'>B</span> <span class='ocrx_word' id='word_1_229' title='bbox 758 3238 791 3287; x_wconf 76' lang='lat'><strong><em>17</em></strong></span> <span class='ocrx_word' id='word_1_230' title='bbox 810 3231 920 3301; x_wconf 82' lang='grc' dir='ltr'><strong><em>διαχέοι</em></strong></span> <span class='ocrx_word' id='word_1_231' title='bbox 938 3231 987 3285; x_wconf 86' lang='grc' dir='ltr'><strong><em>καί</em></strong></span> <span class='ocrx_word' id='word_1_232' title='bbox 1007 3230 1118 3284; x_wconf 89' lang='grc' dir='ltr'><strong><em>διαλύοι</em></strong></span> 
     </span>
     <span class='ocr_line' id='line_1_30' title="bbox 98 3299 1117 3372; baseline -0.006 -12"><span class='ocrx_word' id='word_1_233' title='bbox 98 3305 127 3360; x_wconf 85' lang='lat' dir='ltr'>A</span> <span class='ocrx_word' id='word_1_234' title='bbox 168 3300 276 3372; x_wconf 85' lang='grc' dir='ltr'><strong><em>διαχέει</em></strong></span> <span class='ocrx_word' id='word_1_235' title='bbox 298 3301 348 3357; x_wconf 85' lang='grc' dir='ltr'><strong><em>καί</em></strong></span> <span class='ocrx_word' id='word_1_236' title='bbox 371 3302 522 3357; x_wconf 87' lang='grc' dir='ltr'><strong><em>διαλύειΒ</em></strong></span> <span class='ocrx_word' id='word_1_237' title='bbox 564 3305 662 3372; x_wconf 84' lang='grc' dir='ltr'><strong><em>διαχεῖ</em></strong></span> <span class='ocrx_word' id='word_1_238' title='bbox 680 3301 729 3356; x_wconf 88' lang='grc' dir='ltr'><strong><em>καί</em></strong></span> <span class='ocrx_word' id='word_1_239' title='bbox 752 3303 878 3357; x_wconf 85' lang='grc' dir='ltr'><strong><em>διαλύσει</em></strong></span> <span class='ocrx_word' id='word_1_240' title='bbox 902 3301 991 3356; x_wconf 75' lang='lat' dir='ltr'>Cobet</span> <span class='ocrx_word' id='word_1_241' title='bbox 1015 3299 1117 3355; x_wconf 71' lang='lat' dir='ltr'><strong>Variae</strong></span> 
     </span>
     <span class='ocr_line' id='line_1_31' title="bbox 97 3371 1115 3444; baseline -0.006 -14"><span class='ocrx_word' id='word_1_242' title='bbox 97 3376 176 3430; x_wconf 81' lang='lat' dir='ltr'>Lect.</span> <span class='ocrx_word' id='word_1_243' title='bbox 197 3392 224 3444; x_wconf 87' lang='lat' dir='ltr'><strong><em>p.</em></strong></span> <span class='ocrx_word' id='word_1_244' title='bbox 241 3379 292 3429; x_wconf 82' lang='lat'><strong><em>362</em></strong></span> <span class='ocrx_word' id='word_1_245' title='bbox 328 3371 378 3429; x_wconf 80' lang='grc' dir='ltr'><strong><em>καί</em></strong></span> <span class='ocrx_word' id='word_1_246' title='bbox 397 3374 507 3428; x_wconf 83' lang='grc' dir='ltr'><strong><em>διαλύει</em></strong></span> <span class='ocrx_word' id='word_1_247' title='bbox 525 3372 602 3427; x_wconf 86' lang='lat' dir='ltr'><strong>idem</strong></span> <span class='ocrx_word' id='word_1_248' title='bbox 620 3372 674 3427; x_wconf 83' lang='lat' dir='ltr'>del.</span> <span class='ocrx_word' id='word_1_249' title='bbox 695 3373 761 3428; x_wconf 85' lang='lat' dir='ltr'><strong>Obs.</strong></span> <span class='ocrx_word' id='word_1_250' title='bbox 780 3392 807 3442; x_wconf 86' lang='lat' dir='ltr'><strong><em>p.</em></strong></span> <span class='ocrx_word' id='word_1_251' title='bbox 824 3380 874 3429; x_wconf 77' lang='lat'><strong><em>126</em></strong></span> <span class='ocrx_word' id='word_1_252' title='bbox 894 3371 939 3425; x_wconf 85' lang='lat' dir='ltr'><strong><em>cui</em></strong></span> <span class='ocrx_word' id='word_1_253' title='bbox 957 3387 1010 3440; x_wconf 80' lang='lat' dir='ltr'><strong><em>ego</em></strong></span> <span class='ocrx_word' id='word_1_254' title='bbox 1041 3387 1115 3426; x_wconf 82' lang='lat' dir='ltr'><strong>com·</strong></span> 
     </span>
     <span class='ocr_line' id='line_1_32' title="bbox 98 3439 620 3514; baseline -0.01 -12"><span class='ocrx_word' id='word_1_255' title='bbox 98 3447 196 3502; x_wconf 77' lang='lat' dir='ltr'><strong>motus</strong></span> <span class='ocrx_word' id='word_1_256' title='bbox 214 3445 307 3499; x_wconf 62' lang='lat' dir='ltr'><strong>verbis</strong></span> <span class='ocrx_word' id='word_1_257' title='bbox 325 3463 351 3514; x_wconf 87' lang='lat' dir='ltr'><strong><em>p.</em></strong></span> <span class='ocrx_word' id='word_1_258' title='bbox 366 3448 428 3513; x_wconf 83' lang='lat'>419,</span> <span class='ocrx_word' id='word_1_259' title='bbox 444 3439 462 3499; x_wconf 69' lang='grc' dir='ltr'><strong><em>ά</em></strong></span> <span class='ocrx_word' id='word_1_260' title='bbox 481 3444 620 3499; x_wconf 76' lang='lat' dir='ltr'>assentior</span> 
     </span>
    </p>
   </div>
   <div class='ocr_carea' id='block_1_5' title="bbox 256 3087 1118 3170">
    <p class='ocr_par' dir='ltr' id='par_1_7' title="bbox 256 3087 1118 3170">
     <span class='ocr_line' id='line_1_33' title="bbox 256 3087 1118 3170; baseline 0.001 -27"><span class='ocrx_word' id='word_1_261' title='bbox 256 3088 368 3143; x_wconf 60' lang='lat' dir='ltr'><strong>&amp;cheler</strong></span> <span class='ocrx_word' id='word_1_262' title='bbox 445 3087 665 3170; x_wconf 84' lang='grc' dir='ltr'><strong><em>9διαμένουσα]</em></strong></span> <span class='ocrx_word' id='word_1_263' title='bbox 691 3092 885 3145; x_wconf 79' lang='grc' dir='ltr'><strong><em>διασθενοῦσα</em></strong></span> <span class='ocrx_word' id='word_1_264' title='bbox 907 3091 1011 3145; x_wconf 82' lang='lat' dir='ltr'>Reiske</span> <span class='ocrx_word' id='word_1_265' title='bbox 1085 3096 1118 3144; x_wconf 92' lang='lat'><strong><em>10</em></strong></span> 
     </span>
    </p>
   </div>
   <div class='ocr_carea' id='block_1_6' title="bbox 914 3529 1001 3583">
    <p class='ocr_par' dir='ltr' id='par_1_8' title="bbox 914 3529 1001 3583">
     <span class='ocr_line' id='line_1_34' title="bbox 914 3529 1001 3583; baseline -0.011 0"><span class='ocrx_word' id='word_1_266' title='bbox 914 3529 972 3583; x_wconf 49' lang='lat' dir='ltr'><strong><em>‘2:5ss</em></strong></span> <span class='ocrx_word' id='word_1_267' title='bbox 982 3530 1001 3549; x_wconf 82' lang='grc'><strong>“</strong></span> 
     </span>
    </p>
   </div>
   <div class='ocr_carea' id='block_1_7' title="bbox 0 0 1214 3840">
    <p class='ocr_par' dir='ltr' id='par_1_9' title="bbox 0 0 1214 3840">
     <span class='ocr_line' id='line_1_35' title="bbox 0 0 1214 3840; baseline 0 0"><span class='ocrx_word' id='word_1_268' title='bbox 0 0 1214 3840; x_wconf 95' lang='lat' dir='ltr'><strong><em> </em></strong></span> 
     </span>
    </p>
   </div>
  </div>
 </body>
</html>
