2414 3840
476 181 637 232 ..ς-

42 341 115 408 οὐκ
143 342 234 406 ἔστιν
262 341 281 405 ὅ
306 362 337 404 τι
360 341 524 423 βούλεται.
569 343 653 426 πρὸς
677 337 714 406 δὲ
736 349 838 406 ταῦτα
861 343 896 405 τί
915 350 1066 420 παραινῶ

42 458 117 514 νῦν
136 447 303 532 πράττειν,
328 446 491 512 ἀκούσατέ
507 471 581 531 μου.
617 447 681 530 ἐγὼ
700 449 759 513 τὸν
779 447 886 531 δῆμον
905 439 974 511 οὔτ’
996 445 1103 512 ἄδι-2

42 552 223 629 αλλάκτως
246 558 357 637 οίομαι
380 554 462 638 πρὸς
484 552 569 637 ημᾶς
592 554 679 636 ἔχειν
703 553 779 617 οὔτε
799 553 934 638 δράσειν
953 576 998 636 τι,
1019 548 1067 618 ὧν

45 661 192 742 άπειλεί,
212 661 477 743 τεκμαιρόμενος,
496 659 547 723 δτι
567 659 629 724 οὐκ
647 660 737 724 ἔστιν
757 660 854 743 ὅμοια
873 669 942 736 τοῖς
956 661 1068 741 λύγοις

47 765 161 833 αὐτοῦ
187 767 227 830 τά
255 768 351 851 ἔργα,
378 769 464 831 πολὺ
493 761 530 830 δὲ
557 770 684 848 μᾶλλον
709 764 804 849 ἡμῶν
827 763 1094 831 ἐσπουδακέναιε

47 871 131 957 περὶ
158 874 216 949 τάς
246 872 413 948 διαλύσεις
441 873 590 955 [οἴομαι]
635 870 729 955 ἡμεῖς
756 867 817 955 μὲν
842 872 907 956 γάρ
930 870 985 935 καὶ
1007 892 1068 936 πα-

50 980 153 1064 τρίδα
171 978 233 1061 τὴν
250 978 450 1062 τιμιωτάτην
467 985 685 1061 κατοικοῦμεν
702 975 759 1041 καὶ
777 980 872 1060 βίους
885 975 941 1041 καὶ
955 982 1069 1055 οἴκους

50 1082 111 1149 καὶ
134 1085 249 1166 γενεάς
271 1083 327 1149 καλ
349 1084 456 1148 πάντα
479 1085 518 1147 τά
541 1085 698 1148 πλείστου
721 1080 795 1160 άξια
819 1081 855 1147 ἐν
878 1093 950 1160 ταῖς
969 1084 1069 1160 ἰδίαις

52 1189 222 1268 ἐξουσίαις
249 1191 380 1274 ἔχομεν·
419 1189 436 1254 ὁ
466 1184 498 1254 δ’
525 1190 642 1266 άπολις
669 1187 726 1254 καλ
748 1187 898 1266 ἀνέστιός
921 1188 990 1254 ἐστι
1013 1187 1069 1253 καλ

53 1306 124 1362 τῶν
152 1294 423 1379 ἀναγκαιοτάτων
450 1295 540 1383 αὐτῷ
569 1294 717 1381 στέρεται
744 1296 906 1380 σωμάτων
934 1298 1011 1379 βίου
1034 1319 1069 1361 τε
1083 1314 1109 1354 1⁰

53 1410 117 1471 τοῦ
139 1398 218 1466 καθ’
239 1401 367 1486 ἡμέραν
390 1402 451 1467 οὐκ
470 1401 612 1486 εὐπορεῖ.
649 1405 740 1478 τίνος
759 1396 821 1466 ούν
839 1403 948 1487 χάριν,
971 1408 1006 1468 εί
1020 1404 1104 1480 τις3

55 1509 167 1593 ἔροιτό
199 1531 254 1592 με,
286 1509 344 1584 τάς
375 1511 571 1592 προκλήσεις
601 1508 642 1572 ού
672 1506 799 1591 δέχεται
827 1508 884 1584 τάς
911 1507 1070 1593 ἡμετέρας

57 1615 148 1698 ὅμως
170 1621 371 1680 κακοπαθῶν
394 1614 493 1690 αύτύς
515 1636 550 1678 τε
573 1610 674 1677 οὐδὲν
697 1612 965 1696 ἐπιπρεσβεύεται
987 1616 1070 1698 πρὸς

42 1720 153 1804 ῖὴμάς,
178 1721 228 1784 ὅτι
249 1721 292 1803 νὴ
316 1722 395 1802 Δία,
419 1723 523 1803 φαίην
541 1720 594 1801 άν,
618 1719 694 1803 άχρι
711 1719 810 1782 τοῦδε
829 1719 939 1799 λόγων
957 1717 1070 1784 άκούει

56 1827 147 1910 παρὰ
174 1834 231 1909 τῆς
258 1829 396 1909 βουλῆς,
425 1828 525 1909 ἔργον
552 1821 582 1889 δ’
609 1815 712 1889 οὐδὲν
739 1823 803 1910 ὁρᾷ
830 1825 1009 1908 γινόμενον
1036 1824 1070 1905 ἐξ
1085 1843 1109 1884 ιι

58 1933 170 1998 αὐτῶν
198 1933 273 1998 οὔτε
303 1932 546 2017 φιλάνθρωπον
571 1931 647 1996 οὔτε
670 1929 820 2016 μέτριον,
847 1928 1074 2014 ἐξηπατῆσθαί

58 2061 93 2103 τε
120 2043 223 2102 οίεται
245 2038 402 2114 πολλάκις
424 2032 484 2121 ὑφ’
505 2037 600 2122 ἡμῶν
623 2035 898 2121 ὑπισχνουμένων
922 2035 977 2101 άεί
995 2059 1070 2101 τινα

59 2147 223 2230 πρόνοιαν
246 2145 350 2210 αὐτοῦ
373 2147 590 2227 ποιήσεσθαι,
614 2140 719 2228 μηδὲν
743 2139 780 2208 δὲ
801 2141 1070 2227 προνοουμένων.

59 2253 235 2336 πρεσβείας
263 2247 300 2316 δὲ
327 2250 466 2335 πέμπειν
494 2251 555 2334 οὐχ
583 2248 741 2334 ὑπομένει
769 2249 825 2313 διά
847 2253 925 2325 τοὺς
948 2247 1070 2313 ἐνθάδε

59 2367 258 2441 κατηχορείν
281 2358 444 2433 είωθότας
467 2357 571 2422 αὐτοῦ
591 2356 750 2432 δεδοικώς
772 2377 806 2419 τε
829 2358 873 2439 μή
897 2377 997 2437 τινος,
1024 2349 1071 2419 ὧν
1085 2374 1112 2414 νο

60 2462 158 2546 ἀξιοῖ,
179 2463 350 2548 διαμάρτη.
383 2462 464 2547 τάχα
483 2459 513 2527 δ’
536 2464 578 2526 άν
597 2484 628 2527 τι
646 2461 702 2526 καὶ
720 2463 909 2545 φιλοτιμίας
927 2460 1108 2544 άνοητον4

59 2567 137 2654 περὶ
160 2568 263 2634 αὐτὸν
287 2575 337 2652 είη
360 2569 484 2645 πάθος·
516 2567 571 2632 καὶ
594 2566 695 2633 οὐδέν
717 2590 755 2651 γε
774 2569 980 2650 θαυμαστόν,
1003 2565 1073 2631 ἐπεὶ

59 2674 116 2740 καλ
139 2673 177 2739 ἐν
199 2673 279 2757 ἡμῖν
302 2674 414 2751 αὐτοῖς
437 2676 506 2740 είσί
519 2697 617 2757 τινες,
642 2665 692 2750 οἷς
710 2675 747 2738 τὸ
767 2673 882 2756 δύσερι
901 2681 999 2737 τοῦτο
1018 2671 1074 2738 καλ

60 2783 255 2866 φιλόνεικον
277 2783 406 2845 ἔνεστιν
430 2782 498 2866 ίδίᾳ
520 2803 556 2844 τε
577 2778 633 2845 καλ
652 2787 749 2862 κοινῆ
769 2778 830 2843 οὐκ
849 2777 1000 2856 ἀξιοῦσιν
1018 2778 1073 2862 ητ-

134 2944 148 2991 1
167 2945 298 3006 παραινῶ
317 2945 369 2992 νῦν
389 2937 465 2990 ABb
501 2944 554 2991 νῦν
573 2952 626 2989 om.
645 2936 693 2988 Ba
763 2941 780 2990 6
798 2935 894 3004 οἴομαι
912 2935 966 2990 del.
987 2934 1075 2989 Cobet

60 3009 127 3065 obs.
168 3015 245 3064 .123
263 3008 266 3080 λ
282 3007 344 3079 καλ]
362 3007 414 3077 την
432 3008 477 3060 B‘
546 3007 681 3077 8χενεάς
698 3008 723 3060 Α
760 3003 901 3075 χονὲαςΒ
990 3005 1075 3060 9καλ

60 3097 115 3135 om.
242 3085 276 3133 10
294 3079 458 3148 ἀναγκαίων
476 3079 501 3131 Α
521 3085 525 3146 Ι
546 3077 681 3132 αύτῶνΟ
718 3078 793 3131 αὐτῶ
812 3075 915 3131 Reiske
997 3081 1029 3130 11
1050 3077 1081 3129 εί

59 3172 102 3215 τις
128 3148 218 3221 ἔροιτό
237 3170 271 3220 με
290 3151 319 3204 et
337 3169 369 3205 vs
379 3155 413 3203 14
432 3151 522 3220 φαίην
541 3146 577 3202 διν
596 3148 650 3202 del.
670 3147 759 3202 Cobet
775 3131 795 3201 λ.
814 3147 833 3200 l.
908 3154 940 3201 13
960 3144 1032 3215 ὅμως
1051 3143 1075 3198 Ο

59 3223 76 3278 δ
95 3223 133 3289 δή
155 3241 185 3284 ος
204 3220 325 3290 Sylburg
384 3226 418 3274 14
436 3223 493 3275 Δία
512 3218 690 3309 ουροεεοείρτ.
709 3219 732 3271 Β
793 3223 826 3300 11
845 3214 1075 3297 ὑπισχνουμένων

59 3287 953 3425 ίλῖιὲἷίιᾟῗέ’,ἔλλειιάθίέἷλλέλῗαλλἛλῇἰῗίωὲι
972 3284 1081 3410 ἄλλά

60 3435 112 3492 καλ
131 3441 213 3502 κοινῆ
232 3434 257 3486 Α
295 3428 404 3488 ἔνοικία
422 3439 504 3502 κοινῆ
522 3431 571 3486 Bc
609 3427 719 3487 ἐνοικεῖ
737 3429 785 3483 καλ
809 3435 887 3482 κινεῖ
905 3427 956 3492 οὐκ
976 3425 1075 3491 άξιούν
