2414 3840
142 166 209 232 334
570 166 732 218 -5-

143 324 382 412 ἐλευσομένους
403 333 623 413 πανστρατιᾷ,
651 328 734 412 πρὸς
757 325 817 403 οὑς
839 325 912 392 οὐδ’
936 327 1080 414 ἀντᾶραι
1103 330 1162 395 δυ-

142 437 316 518 νήσονται,
345 436 380 500 οἳ
405 433 447 498 οὑ
469 431 633 518 σφέτερον
656 431 817 516 ἡγοῦνται
838 434 877 498 τὸ
900 439 1058 518 σωθῆναι
1081 435 1162 520 ἀγα-

143 544 221 624 θόν,
245 540 329 605 ἀλλὰ
350 551 418 606 τῶν
441 538 768 623 συναγωνιουμένων
790 539 971 624 εὐτύχημα·
1003 539 1100 618 τέλος
1124 539 1162 608 δέ

142 655 263 712 τοῦτον
285 644 506 732 προσθέντων
527 647 587 711 τὸν
610 648 723 729 λόγον,
747 645 792 723 ὡς
814 647 953 730 ἀμεινον
975 648 1043 731 ἤδη
1063 647 1161 713 αὑτοὶ

112 777 125 818 ε
143 755 310 836 μαθόντες
323 754 381 830 τάς
394 752 595 837 κατεχούσας
608 753 670 836 τὴν
684 755 783 818 πόλιν
797 752 947 839 ἀπορίας,
967 754 1161 836 γνώσονται

142 860 225 942 πρὸς
248 859 341 937 οἵους
363 858 564 936 ἀντιπάλους
587 857 701 936 αὑτοῖς
723 860 814 924 ἔσται
837 858 856 925 ὑ
877 859 980 943 ἀγών,
1003 857 1062 924 καὶ
1079 865 1161 926 πολ-

108 967 202 1044 3λάς
233 964 288 1032 καὶ
319 967 463 1051 χαλεπάς
494 964 629 1043 ἀπειλὰς
660 963 984 1050 ἐπανατειναμένων·
1032 967 1069 1032 οί
1098 964 1191 1051 μέν11

141 1069 296 1158 πρέσβεις
323 1068 424 1138 οὑδδν
452 1073 500 1137 ἔτι
527 1073 610 1158 πρὸς
634 1080 737 1137 ταῦτα
760 1071 970 1150 ἀντειπόντες
993 1071 1160 1156 ἀπηλλάτ-

142 1201 240 1244 τοντο
272 1175 326 1244 καὶ
358 1179 398 1244 τά
429 1179 519 1264 παρά
550 1187 618 1242 τῶν
650 1176 845 1244 ἀποστατῶν
875 1188 944 1255 τοῖς
971 1182 1160 1265 πατρικίοις

107 1309 133 1348 ιο
143 1284 331 1370 ἐδήλωσαν,
358 1284 379 1367 ἡ
409 1280 446 1348 δέ
467 1287 577 1367 πόλις,
606 1283 719 1367 ἐπειδὴ
743 1286 801 1361 τάς
822 1284 1013 1370 ἀποκρίσεις
1037 1286 1161 1364 ταύτας

143 1392 277 1473 ἔλαβεν,
306 1388 343 1454 ἐν
369 1400 527 1475 ταραχαῖς
548 1387 604 1455 καὶ
627 1392 759 1475 δείμασι
781 1395 893 1478 πολλῷ
916 1389 1160 1478 χαλεπωτέροις

119 1495 162 1579 ,ἢ
186 1497 337 1581 πρόσθεν
365 1493 512 1580 ἐγένετο,
539 1495 595 1562 καὶ
622 1497 699 1562 ούτε
726 1497 747 1580 ἡ
775 1497 881 1581 βουλη
908 1499 1017 1584 πόρον
1045 1497 1159 1583 εὑρεῖν

143 1602 197 1666 οία
223 1625 259 1667 τε
286 1595 329 1685 ἦν
352 1597 423 1667 οὔτ’
445 1601 625 1687 ἀναβολάς,
656 1605 856 1688 δυσφημιῶν
879 1599 917 1668 δέ
937 1600 993 1668 καλ
1017 1627 1158 1689 κατηγο-

143 1719 242 1794 ριῶν,
265 1707 304 1787 ἃς
326 1710 362 1775 οί
381 1710 618 1794 προεστηκότες
641 1709 742 1793 αὐτῆς
765 1708 940 1775 ἐποιοῦντο
963 1706 1035 1774 κατ’
1059 1710 1159 1797 ἀλλη-
1200 1707 1202 1711 ’

106 1839 132 1880 ιε
142 1821 227 1900 λων,
255 1813 309 1881 ἐπὶ
330 1816 455 1891 πολλάς
477 1815 647 1880 ἀκούουσα
670 1813 793 1902 ἡμέρας
816 1815 979 1881 διελύετο·
1017 1816 1097 1882 οὔτε
1120 1818 1158 1882 τὸ

142 1923 323 2007 δημοτικὸν
354 1927 501 2006 πλῆθος,
532 1922 614 1987 ὅσον
646 1924 695 1986 ἔτι
725 1920 910 2008 παρέμενεν
942 1921 1061 2010 εὐνοία
1089 1933 1159 1989 τῶν

140 2031 323 2115 πατρικίων
341 2027 362 2112 ἢ
381 2032 478 2115 πόθφ
497 2037 555 2112 τῆς
572 2029 733 2114 πατρίδος
750 2027 1016 2113 ἠναγκασμένον,
1037 2029 1158 2114 ὅμοιον

139 2129 194 2218 ἦν,
214 2134 296 2201 ἀλλά
314 2132 369 2200 καὶ
387 2135 509 2200 τούτου
528 2144 682 2221 φανερῶς
699 2157 735 2199 τε
752 2131 808 2200 καὶ
826 2136 940 2221 κρύφα
954 2137 1043 2201 πολὺ
1057 2133 1159 2221 μέρος

141 2239 280 2327 διέρρει,
304 2239 442 2325 βέβαιον
466 2237 499 2305 δ’
522 2237 624 2306 οὐδὲν
646 2250 714 2305 τῶν
736 2237 1026 2324 καταλειπομένων
1049 2240 1159 2308 ἐδόκει

103 2342 234 2413 ιοείναι.
276 2348 405 2414 τούτων
428 2343 466 2412 δέ
487 2346 678 2431 γενομένων
702 2347 738 2412 οί
757 2343 819 2432 μέν
841 2347 975 2412 ὑπατοι·
1011 2345 1070 2412 καὶ
1092 2349 1158 2434 χάρ

138 2449 182 2537 ἦν
204 2456 331 2541 βραχὺς
353 2453 372 2520 ὑ
395 2456 589 2538 λειπόμενος
612 2452 725 2530 αὐτοῖς
748 2455 796 2519 ἔτι
818 2461 875 2537 τῆς
898 2451 1001 2537 ἀρχῆς
1019 2457 1158 2540 χρόνος·

139 2560 265 2647 ἡμέραν
288 2563 430 2645 ἔστησαν
453 2559 682 2646 ἀρχαιρεσιῶν.

206 2666 437 2733 XXXXVIIII.
462 2662 497 2732 ‘0
519 2662 557 2731 δὲ
581 2667 695 2750 δῆμος,
720 2664 832 2749 ἐπειδὴ
855 2673 966 2750 παρῆν
985 2665 1002 2731 ὁ
1022 2670 1156 2752 χρόνος,

139 2773 176 2839 ἐν
209 2764 235 2860 ᾧ
268 2775 325 2850 τάς
353 2772 454 2860 ἀρχάς
482 2773 662 2858 ἐπικυροῦν
689 2773 758 2838 έδει
787 2775 1015 2849 συνελθόντας
1043 2774 1091 2850 είς
1119 2775 1156 2839 τὸ

102 2881 267 2963 εεπεδίον,
291 2880 431 2957 οὐδενὸς
454 2879 531 2945 ούτε
554 2881 723 2963 μετιόντος
745 2879 807 2962 τὴν
830 2878 989 2943 ὑπατείαν
1009 2879 1087 2945 οὔτε
1108 2881 1157 2945 δι-

139 2984 287 3071 δομένην
305 2985 533 3071 ὑπομένοντος
551 2988 676 3069 λαβεῖν,
696 2983 795 3062 αύτδς
814 2983 1053 3050 ἀποδείκνυσιν
1071 2985 1204 3051 {md-115

210 3141 436 3215 Ιέλευσομένοις
459 3143 485 3196 Α
526 3137 748 3213 ἐλευσόμενοιΒ
786 3136 984 3211 ἐλευσομένους
1007 3140 1155 3211 Kiessling

138 3217 172 3271 of.
191 3216 337 3271 Meutzner
358 3233 386 3284 p.
402 3218 453 3268 265
473 3229 530 3283 eqs.
617 3211 681 3268 κοΐ
699 3211 774 3266 οὑΟ
811 3210 839 3267 εἰ
856 3213 888 3267 οὑ
907 3212 1012 3266 Reiske
1051 3210 1078 3267 οἳ
1097 3212 1152 3268 del.

136 3287 281 3356 Kiessling
337 3293 352 3342 ῖ
371 3284 489 3348 ἀπειλὰς
508 3300 562 3338 om.
581 3284 628 3338 Ba
683 3290 714 3338 11
734 3287 847 3346 πολλοῖς
864 3283 1061 3353 χαλεπώτερον
1074 3283 1152 3337 ABb

136 3359 262 3430 πολλόίίίί
278 3378 302 3427 χ.
321 3356 368 3410 Ba
403 3358 493 3428 πολλῷ
513 3353 715 3426 χαλεπωτέροις
732 3354 834 3411 Reiske
909 3361 941 3411 15
963 3355 1112 3410 ἀκούσασα
1130 3371 1151 3409 c.

132 3429 264 3484 Reiske'
313 3433 348 3484 24
367 3426 552 3490 συνελθόντες
569 3425 621 3481 ΑΒ
