2414 3840
572 179 735 226 ..Λ-

145 337 397 413 λιτανεύσαντες
420 333 648 418 συλλαβέσθαι
672 338 791 420 σφίσιν
814 335 917 401 ὁσίων
939 335 996 402 καὶ
1019 337 1168 404 δικαίων

145 445 252 527 ἐργων
272 440 458 527 ἐφιεμένοις
476 439 614 527 ἐξῄεσαν
633 444 680 520 είς
698 443 760 526 τὴν
779 441 915 528 ἀγοράν.
942 443 1167 526 ἠκολούθουν

145 543 176 614 δ’
204 549 316 625 αὐτοῖς
344 548 379 613 οί
403 548 607 634 θεράποντες
634 546 688 614 ἐπὶ
715 550 830 633 κλίνης
856 547 996 633 μέλασιν
1022 549 1203 635 άμφίοιςοει

145 652 351 739 ἐστρωμένης
369 657 558 739 κομίζοντες
576 653 806 735 ἀθεράπευτόν
824 677 859 720 τε
872 652 928 719 καὶ
941 655 1165 742 πεφυρμένην

118 760 257 843 εαλματι
279 761 341 844 τὴν
363 761 497 847 νεκράν·
520 761 563 845 ἣν
585 761 650 848 πρὸ
673 768 734 826 τοῦ
757 762 999 848 βουλευτηρίου
1018 769 1163 848 τεθῆναι

144 867 359 944 κελεύσαντες
382 867 515 950 ὑψηλὴν
538 864 592 933 καὶ
610 876 777 953 περιφανῆ
796 868 1005 933 συνεκάλουν
1022 872 1086 935 τὸν
1104 870 1162 954 θη

107 977 209 1057 4μον
237 974 284 1051 είς
311 973 498 1057 ἐκκλησίαν.
544 976 646 1058 όχλου
675 969 712 1037 δὲ
736 971 964 1058 συναχθέντος
987 975 1029 1040 οὐ
1053 978 1161 1060 μόνον

143 1087 203 1144 τοῦ
231 1075 302 1145 κατ’
323 1079 449 1165 άγοράν
476 1076 545 1144 τότ’
573 1081 685 1163 ὄντος,
714 1078 798 1145 ἀλλὰ
824 1077 964 1145 καὶτοῦ
992 1083 1077 1147 κατὰ
1098 1083 1161 1166 τὴν

143 1187 242 1250 πόλιν
270 1185 367 1268 ὅλην·
405 1181 578 1271 διεξῄεσαν
604 1187 668 1273 γάρ
698 1186 733 1251 ολ
755 1189 895 1272 κήρυκες
918 1186 974 1251 διὰ
996 1197 1066 1253 τῶν
1089 1204 1161 1254 στε-

104 1313 130 1354 10
143 1301 266 1355 νωπῶν
288 1293 347 1356 τὸν
371 1292 478 1375 δῆμον
501 1294 548 1369 είς
570 1293 632 1376 την
655 1291 782 1376 ἀγοράν
803 1297 997 1369 καλοῦντες·
1032 1294 1161 1377 ἀναβάς

143 1395 161 1460 ὁ
186 1400 346 1479 Βροῦτος,
370 1399 456 1462 ἔνθα
477 1408 547 1475 τοϊς
570 1398 755 1482 συνάγουσι
777 1400 835 1476 τὰς
857 1397 1032 1483 ἐκκλησίας
1056 1401 1160 1487 δημη-

143 1512 258 1586 γορεῖν
281 1504 362 1580 έθος
384 1499 443 1587 ἦν,
470 1501 627 1581 καὶτοὺς
649 1506 842 1592 πατρικίους
864 1507 1162 1592 παραστησάμενος

143 1606 231 1686 ἔλεξε
253 1603 374 1676 τοιάδε.

209 1714 373 1781 LXXVII.
401 1711 497 1802 Ὑπὲρ
521 1715 711 1800 άναγκαίων
733 1714 790 1782 καί
811 1727 936 1783 κοινῶν
953 1720 1161 1805 πραγμάτων

104 1841 130 1881 ιτ
143 1824 222 1897 τοὺς
245 1823 367 1906 λόγους
389 1821 520 1907 μέλλων
542 1824 625 1909 πρὸς
648 1822 733 1908 ὑμᾶς
755 1830 937 1908 ποιεῖσθαι,
960 1824 1084 1910 ἄνδρες
1100 1846 1161 1891 πο-

144 1933 241 2009 λῖται,
265 1925 341 2012 περὶ
360 1927 505 2011 ἐμαυτοῦ
523 1939 656 2010 πρῶτον
675 1929 772 2014 ὀλίγα
790 1931 954 2015 βούλομαι
971 1942 1161 2017 προειπεῖν·

144 2038 223 2110 ίσως
236 2033 299 2119 γάρ
313 2048 401 2099 τισιν
415 2034 520 2119 ὑμῶν,
538 2039 665 2119 μᾶλλον
679 2030 711 2099 θ’
725 2034 868 2121 ἀκριβῶς
883 2031 948 2102 οἶδ’
961 2035 1012 2101 ὅτι
1021 2041 1163 2116 πολλοῖς

142 2140 344 2227 τεταράχθαι
368 2140 454 2220 δόξω
472 2142 534 2225 την
553 2141 718 2224 διάνοιαν,
742 2140 826 2229 ἀνὴρ
842 2142 884 2207 οὐ
898 2145 1071 2230 φρενήρης
1084 2141 1162 2230 περὶ

142 2258 209 2312 τῶν
242 2248 406 2331 μεγίστων
440 2246 614 2333 ἐπιχειρῶν
646 2244 770 2331 λέγειν,
808 2239 834 2336 ᾧ
867 2249 1065 2334 κηδεμόνων
1097 2249 1161 2334 οὐχ

101 2333 329 2448 ἕοὺγιαίνοντι
353 2354 412 2419 δεῖ.
450 2358 519 2419 ἐστε
539 2353 580 2436 δὴ
599 2354 661 2437 τὴν
679 2354 798 2437 κοινὴν
816 2353 997 2438 ὑπόληψιν,
1019 2355 1064 2440 ἣν
1082 2354 1160 2443 περὶ

142 2459 224 2544 ἐμοῦ
250 2460 370 2536 πάντες
393 2465 494 2544 είχετε
517 2459 562 2536 ὡς
584 2458 736 2543 ἠλιθίου,
762 2461 870 2546 ψευδῆ
894 2459 1081 2547 γενομένην
1103 2461 1203 2529 καλεῖν

142 2565 203 2650 οὐχ
225 2563 281 2631 ὑπ’
304 2566 407 2632 άλλου
428 2567 520 2642 τινὸς
537 2572 876 2651 κατασκευασθεῖσαν,
901 2562 973 2633 ἀλλ’
989 2563 1048 2634 ὑπ’
1066 2568 1159 2655 ἐμοῦ.

141 2670 159 2735 ὁ
188 2668 219 2735 δ’
246 2671 434 2754 ἀναγκάσας
462 2694 502 2756 με
530 2667 613 2756 μήθ’
635 2672 681 2750 ὡς
706 2672 727 2756 ἡ
756 2674 858 2758 φύσις
884 2672 979 2758 ἠξίου
1007 2671 1092 2760 μήθ’
1113 2676 1159 2755 ὡς

141 2776 284 2863 ἥρμοττέ
304 2801 360 2862 μοι
385 2781 454 2861 ζῆν,
477 2772 550 2842 ἀλλ’
572 2778 617 2855 ῶς
644 2781 818 2868 Ταρκυνίῳ
841 2776 872 2845 τ’
898 2776 942 2864 ἧν
960 2780 1157 2872 βουλομένω

99 2902 126 2944 οε
140 2881 240 2968 κάμοὶ
268 2886 440 2950 συνοίσειν
468 2882 598 2967 ἔδοξεν,
627 2884 645 2950 ὁ
668 2883 743 2972 περὶ
765 2894 823 2970 τῆς
845 2895 952 2972 ψυχῆς
974 2889 1084 2971 φόβος
1105 2884 1175 2974 ἦν.

104 2988 263 3078 3πατέρα
285 2990 349 3076 γάρ
373 3013 438 3076 μου
465 2991 651 3074 Ταρκύνιος
674 2991 869 3070 ἀποκτείνας
892 2993 959 3077 ἅμα
980 3000 1028 3082 τῷ
1050 3015 1158 3082 παρα-

139 3100 256 3181 λαβεῖν
288 3097 350 3180 την
382 3096 503 3182 άρχην,
535 3097 592 3162 ’ίνα
623 3098 685 3181 τὴν
718 3099 837 3164 οὐσίαν
865 3099 969 3164 αὐτοῦ
996 3100 1158 3185 κατάσχοι

209 3297 225 3346 8
249 3289 322 3344 κατὰ
345 3289 396 3359 τὴν
419 3288 543 3344 πόλινΒ
579 3289 631 3359 τὴν
655 3306 708 3345 om.
732 3290 758 3344 R
848 3296 882 3344 14
900 3298 1005 3346 κοινῶν
1030 3290 1158 3348 Sintenis

137 3361 361 3506 germe2s31<ssss
379 3361 528 3486 ΒιιίριλῶνΟ
603 3367 635 3416 17
654 3358 740 3416 *οῖδα
759 3360 843 3418 ὅτιΟ
914 3368 949 3417 20
968 3359 1158 3438 ὑπόλη<φ>ιν
