2414 3840
111 171 177 238 336
539 170 700 221 -3-

110 357 200 410 τινες
227 339 353 398 οἴονται
380 335 505 414 βουλῆς
531 333 578 394 ἔτι
602 331 690 412 δεῖν,
717 333 860 411 πότερον
882 331 963 414 ἡμῖν
988 333 1133 415 ἄμεινόν

112 441 182 506 ἐστι
204 442 372 523 συμβῆναι
394 440 478 523 πρὸς
495 439 575 513 τοὺς
592 435 818 520 ἀφεστηκότας
834 436 856 520 ἢ
874 442 1049 522 πολεμεῖν,
1069 441 1133 527 οὐχ

111 547 258 630 ἡγοῦμαι
285 543 405 631 ῥᾴδιον
431 539 521 608 εἷναί
545 566 602 627 μοι
627 539 670 607 δι’
693 542 808 625 ὀλίγης
830 545 1025 628 δηλώσεως,
1056 547 1076 610 ὅ
1100 571 1134 612 τι

112 654 175 739 χρὴ
202 652 359 735 πράττειν
385 648 598 734 παραινέσω,
626 645 699 713 ἀλλ’
725 648 852 732 ἀνάγκη
881 652 938 714 διὰ
959 655 1134 717 πλειόνων

85 757 245 836 σδιδάξαι
278 759 388 839 λόγων
419 757 498 832 τοὺς
528 757 613 840 πρὸς
643 756 701 831 τὰς
732 756 912 838 διαλλαγὰς
943 756 1135 844 ἀλλοτρίως

113 867 250 950 ἔχοντας
276 864 386 948 ὑμῶν,
415 863 466 926 ὅτι
492 861 651 926 τάναντία
677 864 925 945 συμπείθουσιν
951 863 972 947 ἦ
996 863 1054 928 καὶ
1079 868 1135 932 δε-

114 973 286 1037 δίττεσθαι
309 968 486 1054 μέλλοντες
508 968 593 1052 ὑμᾶς
614 969 656 1031 τά
677 971 869 1051 φαυλότατα
887 980 956 1034 τῶν
974 976 1200 1054 χαλεπῶυιιοο

113 1076 168 1143 καὶ
191 1077 309 1164 ῥᾳδίας
327 1079 446 1161 ἔχοντα
463 1075 522 1152 τὰς
540 1074 788 1158 ἐπανορθώσεις
806 1073 1046 1160 ὀρρωδοῦντας
1063 1090 1134 1144 τῶν

113 1186 279 1267 μεγίστων
301 1204 337 1246 τε
359 1179 415 1245 καὶ
437 1181 584 1245 ἀνιάτων
602 1180 723 1256 ίκανῶς
741 1178 986 1264 ἀπερισκέπτως
1005 1186 1133 1268 ἔχουσι.

76 1311 102 1351 ιο
114 1285 169 1353 καὶ
197 1295 296 1352 τοῦτο
323 1291 513 1351 πεπόνθασι
539 1283 617 1369 παρ’
644 1283 746 1350 οὐδὲν
773 1284 888 1371 ἕτερον
915 1288 936 1372 ἣ
964 1289 1053 1356 ὥστε
1076 1298 1134 1358 λο-

114 1402 222 1480 γισμῷ
245 1394 290 1477 μὴ
311 1396 440 1479 κρίνειν
458 1393 495 1457 τὸ
515 1391 700 1477 συμφέρον,
722 1392 806 1456 ἀλλὰ
822 1399 923 1481 θυμῷ
941 1393 1000 1460 καὶ
1017 1402 1133 1485 μανίᾳ.

79 1505 184 1576 ὅπῶς
206 1501 270 1586 γάρ
293 1498 336 1564 ἂν
359 1494 452 1564 οὗτοι
475 1497 626 1580 λέγοιντο
649 1501 866 1584 προορᾶσθαί
884 1522 916 1563 τι
934 1508 976 1584 τῇ
995 1503 1133 1591 διανοίᾳ

115 1618 182 1672 τῶν
214 1609 385 1693 χρησίμων
416 1605 437 1689 ἢ
471 1607 639 1688 δυνατῶν,
672 1605 708 1670 οἵ
735 1628 824 1682 τινες
851 1604 1134 1693 ὑπολαμβάνουσι

114 1715 316 1798 τηλικαύτην
334 1716 433 1778 πόλιν
451 1709 507 1777 καὶ
525 1712 695 1777 τοσούτων
712 1712 915 1797 πραγμάτων
927 1718 1052 1797 κυρίαν
1066 1718 1133 1802 ἤδη

76 1842 101 1883 15
116 1820 305 1905 ἐπίφθονόν
327 1843 362 1883 τε
384 1817 440 1883 καὶ
458 1820 610 1903 λυπηρὰν
628 1828 698 1895 τοῖς
714 1823 896 1904 περιοίκοις
913 1821 1134 1907 γιγνομένην,

114 1927 135 2011 ἢ
169 1928 245 2011 δίχα
278 1934 340 1992 τοῦ
371 1927 553 2009 δημοτικοῦ
586 1926 794 2008 δυνήσεσθαι
826 1923 976 2010 κατέχειν
1006 1950 1045 1993 τε
1076 1928 1135 1995 καὶ

115 2035 232 2111 σώζειν
263 2034 303 2097 τά
334 2034 419 2115 ἔθνη
450 2031 589 2118 ῥηιδίως,
621 2029 642 2114 ἢ
671 2029 786 2115 ἕτερον
813 2032 994 2112 ἐπάξεσθαι
1022 2035 1134 2119 δῆμον

115 2137 190 2205 ἀντὶ
216 2148 277 2204 τοῦ
300 2135 529 2223 πονηροτέρου
551 2140 739 2223 κρείττονα,
771 2138 808 2215 ὃς
831 2138 945 2215 αὐτοῖς
967 2145 1134 2226 προπολε-

115 2249 213 2330 μήσει
235 2269 270 2310 τε
292 2253 351 2327 τῆς
369 2245 471 2330 ἀρχῆς
488 2241 544 2308 καὶ
562 2245 644 2309 κατὰ
661 2245 789 2328 πολλὴν
807 2244 950 2330 ἡσυχίαν
969 2253 1134 2331 συμπολι·

76 2353 280 2434 εοτεύσεται,
308 2349 461 2436 παρέχων
487 2347 543 2415 καὶ
572 2349 610 2415 έν
637 2353 753 2436 εἰρήνη
780 2348 836 2416 καὶ
860 2353 942 2418 κατὰ
964 2351 1135 2438 πολέμους

117 2458 236 2526 ἑαυτὸν
264 2455 413 2542 μέτριον;
445 2452 547 2521 οὐδὲν
574 2458 638 2540 γάρ
666 2455 720 2521 διν-
736 2456 850 2543 ἕτερον
877 2459 986 2543 ἔχοιεν
1014 2461 1134 2545 εἰπεῖν,

116 2556 142 2652 ᾧ
166 2564 378 2640 πιστεύοντες
396 2562 598 2642 ἀξιώσουσιν
616 2563 702 2648 ὑμᾶς
720 2564 763 2647 μὴ
785 2563 942 2650 δέχεσθαι
960 2566 1020 2642 τδις
1040 2568 1135 2632 διαλ-

116 2673 225 2755 λαγάς.

189 2861 353 2925 οάλλωςΟ
381 2863 529 2930 ἀλλοτρίως
542 2859 687 2928 Kiessh'ng
741 2857 898 2928 θῆκαλΟ
926 2858 1021 2929 ἢδεΙ.
1037 2863 1136 2921 Κίοεε.

116 2934 178 3004 ling
193 2936 198 3005 Ι
214 2933 419 3003 συμπείθουσιν
439 2925 558 2999 ἑαυτοῖς,
577 2933 610 2985 οἵ
618 2949 648 3002 γε
662 2930 767 2985 Reiske
822 2938 837 2986 7
857 2929 1045 3002 μέλλονταςΟ
1069 2934 1136 3006 μέλ-

118 3011 213 3069 λοντες
232 3003 334 3072 Sylbur
370 3003 374 3075 Ι
390 3005 463 3073 ὑμᾶς
481 3003 517 3065 ὡς
536 3001 701 3057 dubitanter
718 3001 862 3071 Kiessling
948 3008 964 3058 9
984 3002 1091 3070 ἱκανῶς
1110 3005 1133 3062 O

117 3084 213 3132 κακῶν
232 3092 254 3130 ο.
274 3075 378 3129 Reise
416 3072 461 3129 ίτα
483 3081 519 3136 ῶς
541 3073 590 3128 καί
612 3070 820 3198 ἀπερισκέπτως
839 3090 862 3128 ο.
881 3073 1027 3146 Kiessling
1102 3085 1136 3134 10

117 3146 266 3217 ἢώστεθ
305 3145 392 3208 οὕτως
415 3141 432 3212 ἢ
456 3162 525 3198 ωστε
549 3162 572 3199 c.
591 3144 672 3213 Pflug
727 3141 745 3212 ἢ
768 3144 799 3199 τὸ
823 3143 951 3201 Hertlein
969 3146 1089 3202 Hermes
1109 3149 1135 3203 X

118 3226 170 3275 415
263 3223 295 3273 12
320 3214 456 3304 λέγοιντο]
483 3211 656 3285 ἐπιδίχοιντο
679 3216 711 3270 τὸ
734 3215 877 3285 Kiessling
968 3224 1002 3273 14
1021 3217 1076 3288 ἤδη
1102 3217 1134 3276 δὲ

118 3290 220 3346 Reieke
286 3293 319 3342 15
339 3284 549 3356 γιγνομενηνΟ
591 3284 745 3357 γενομένην
763 3286 907 3356 Kiessling
972 3294 1004 3343 17
1024 3289 1060 3344 τδι
1079 3306 1133 3345 om.

119 3361 172 3416 AB
189 3363 193 3431 Ι
209 3357 385 3426 δυνήσεσθαι
405 3372 459 3412 om.
478 3359 523 3411 Βο
560 3359 656 3423 σώζειν
675 3358 850 3426 δυνήσεσθαι
868 3359 893 3411 A
948 3364 983 3413 20
1002 3355 1034 3415 ἐν
1049 3359 1132 3416 πολί-

113 3451 181 3503 μοις
200 3430 223 3486 Ο
260 3428 333 3484 κατὰ
351 3425 489 3498 πολέμους
508 3427 681 3498 Grasberger
693 3429 859 3498 Philologus
874 3435 908 3485 28
924 3433 1020 3502 (1869)
1036 3450 1064 3502 p.
1080 3438 1131 3488 548
