2414 3840
92 171 136 236 18
520 176 683 224 -Δ-

97 340 206 400 λιπεῖν
234 343 299 401 νῦν
322 331 383 419 μὲν
406 332 489 421 ὑπὲρ
512 344 570 419 τῆς
593 333 694 420 άρχής
715 338 989 422 κινδυνεύοντας,
1018 341 1049 403 εί
1071 335 1109 404 δ’

92 442 113 524 ἡ
131 441 245 527 πρώτη
264 451 362 527 πεῖρα
380 452 450 519 τοῖς
468 440 604 527 ἐχθροῖς
622 441 732 508 αὐτῶν
750 445 894 529 χωρήσει
911 447 994 510 κατά
1010 455 1110 530 νοῦν,

93 546 149 614 καί
181 547 217 614 ἐκ
246 544 304 633 τῆς
330 552 457 625 πόλεως
484 547 799 633 ἐξελαθησομένους.
836 549 907 616 ἀλλ’
934 549 1018 638 ὑπὲρ
1046 551 1109 638 μὲν

92 655 221 720 τούτων
244 655 290 733 ὡς
312 654 494 739 ἐγνωκόσιν
517 656 598 741 ὑμῖν
620 657 661 720 τά
684 653 803 721 δέοντα
822 655 878 722 καὶ
896 662 1108 743 ποιήσουσιν,

57 784 71 824 ε
94 761 156 826 ὅσα
181 763 356 856 προσήκει,
385 758 486 827 οὐδὲν
510 760 627 847 δέομαι
649 765 751 827 πλείω
775 760 897 846 λέγειν·
921 763 942 828 ά
966 762 1003 829 δὲ
1026 786 1110 852 παρ

94 869 295 953 εσκεύασμαι
324 880 434 934 ποιεῖν
466 869 551 953 ὑμᾶς
583 869 682 946 αὐτὸς
710 868 822 952 ἀγαθά
849 868 906 935 καὶ
934 866 982 936 ὧν
1009 873 1111 957 χάριν

58 976 155 1058 6την
187 974 363 1059 ἐκκλησίαν
394 976 612 1058 συνεκάλεσα,
642 974 807 1040 ἀκούσατέ
832 999 906 1060 μου.
945 977 1019 1042 ὅσοι
1046 975 1110 1062 μέν

92 1081 188 1167 ὐμῶν
211 1083 403 1165 ὀφείλοντες
426 1083 490 1165 ήδη
513 1080 593 1167 χρέα
617 1082 674 1146 διδ
695 1084 815 1147 πενίαν
838 1082 1003 1148 ἀδύνατοί
1023 1085 1109 1149 εἰσιν

93 1189 296 1270 ἀποδοῦναι,
327 1189 459 1265 τούτοις
491 1191 633 1272 βοηθεῖν
660 1190 957 1274 προθυμούμενος,
989 1189 1165 1274 ἐπειδήεσε

59 1321 86 1360 10
95 1298 232 1360 πολῖταί
254 1292 283 1359 τ’
307 1297 371 1359 είσι
393 1292 449 1359 καί
470 1296 617 1371 πολλοὺς
638 1291 722 1381 ὐπέρ
745 1304 804 1379 τῆς
825 1298 985 1382 πατρίδος
1008 1296 1110 1380 άνην-

92 1405 232 1485 τλήκασι
254 1403 391 1484 πόνους,
414 1400 471 1464 ’ίνα
493 1400 538 1484 μὴ
562 1401 624 1483 τήν
648 1402 737 1466 ἰδίαν
761 1400 995 1488 ἀφαιρεθῶσιν
1018 1401 1110 1468 ἐλευ-

93 1510 216 1593 θερίαν
244 1507 280 1572 οί
303 1508 373 1591 τήνΙ
387 1506 505 1589 κοινὴν
529 1506 786 1590 βεβαιώσαντες,
815 1507 851 1572 ἐκ
873 1519 941 1572 τῖον
964 1508 1110 1592 ἐμαυτοῦ

61 1612 272 1700 ’ίχρημάτων
306 1614 428 1697 δίδωμι
459 1613 685 1678 διαλύσασθαι
710 1615 751 1678 τά
778 1613 866 1699 χρέα.
907 1614 981 1681 ὅσοι
1010 1610 1041 1681 δ’
1067 1615 1111 1682 άν

95 1722 175 1806 μετὰ
202 1728 305 1785 ταῦτα
333 1721 569 1803 δανείσωνται,
596 1720 737 1796 τούτους
766 1720 828 1785 οὐκ
855 1720 941 1786 ἐάσω
964 1722 1047 1807 πρὸς
1070 1725 1112 1788 τά

59 1850 86 1890 15
94 1827 175 1914 χρέα
203 1827 391 1909 άπάγεσθαι
416 1823 471 1890 καὶ
493 1829 600 1909 νόμον
623 1828 771 1910 θήσομαι
794 1828 923 1910 μηδένα
946 1829 1111 1908 δανείζειν

26 1921 29 1926 ’
94 1932 148 2000 ἐπὶ
171 1934 321 2018 σώμασιν
345 1930 535 2017 ἐλευθέροις
559 1931 675 1997 ίκανδν
697 1930 884 2017 ἡγούμενος
905 1944 976 2011 τοῖς
999 1937 1112 2001 δανει-

95 2050 188 2116 σταῖς
214 2047 272 2122 τῆς
299 2037 415 2113 οὐσίας
441 2045 509 2100 τῶν
537 2040 776 2120 συμβαλόντων
804 2051 945 2125 κρατεῖν.
991 2042 1048 2106 ἵνα
1071 2039 1111 2107 δέ

95 2145 152 2212 καὶ
175 2147 233 2222 τάς
256 2145 303 2221 εἰς
324 2144 362 2208 τὸ
382 2143 545 2227 δημόσιον
564 2142 741 2227 γινομένας
760 2146 929 2232 είσφοράς,
954 2144 997 2211 δι’
1018 2146 1056 2223 ἃς
1076 2149 1114 2212 ολ

94 2251 232 2336 πένητες
255 2250 495 2334 ἐπιβαροῦνταί
513 2272 549 2313 τε
570 2247 627 2313 καί
648 2249 886 2333 ἀναγκάζονται
906 2254 1111 2336 δανείσματα
1168 2256 1170 2260 ⁴

59 2382 87 2421 ιο
95 2371 220 2442 ποιεῖν,
247 2355 455 2443 κουφοτέρας
477 2356 524 2432 είς
545 2357 583 2421 τὸ
606 2357 725 2423 λοιπὸν
749 2357 881 2444 φέρητε,
904 2361 1111 2443 τιμήσασθαι

94 2468 153 2543 τάς
180 2465 296 2540 οὐσίας
325 2464 472 2539 άπαντας
497 2463 643 2529 κελεύσω
671 2462 727 2529 καὶ
754 2464 818 2530 άπὸ
845 2474 906 2530 τοῦ
928 2468 1112 2550 τιμήματος

95 2571 235 2637 ἕκαστον
258 2567 425 2653 εἰσφέρειν
447 2570 486 2633 τὸ
509 2567 698 2653 ἐπιβάλλον,
722 2571 767 2646 ὡς
790 2569 826 2634 ἐν
848 2581 920 2648 ταῖς
940 2575 1112 2656 μεγίσταις

94 2676 151 2742 καὶ
178 2675 422 2759 εὐνομωτάταις
449 2678 564 2740 πόλεσι
591 2677 808 2761 πυνθάνομαι
835 2680 1031 2763 γινόμενον,
1060 2682 1111 2745 δί-

167 2875 182 2923 2
202 2888 258 2938 χρω
260 2867 377 2936 ήσειεο.
396 2867 500 2923 Reiske
571 2868 644 2931 4ὡς
663 2864 735 2923 ἐνο
755 2868 927 2939 Grasberger
944 2871 1020 2926 Τοεε.
1039 2872 1111 2927 Her-

95 2939 153 3010 bip
170 2888 429 3010 μ.χ171ὐῖ.νδο1
447 2938 524 2992 idem
541 2937 642 2994 Philol
662 2945 696 2993 28
710 2943 802 3021 (1869)
793 2945 847 3009 )p
867 2947 920 2996 348
979 2941 1111 3015 σάσπερ

95 3010 231 3101 προσήκει
254 3027 277 3064 ο
288 2959 452 3080 υὐὶοεεῦος,
475 3014 541 3080 post
562 3009 697 3081 προσήκει
719 3009 898 3066 intercidisse
922 3012 1039 3085 εἰρηκὼς
1058 3019 1111 3070 aut

94 3081 259 3171 ὑπομνήσας
273 3082 481 3151 ουῖπροεικδον
505 3099 579 3152 susp.
599 3081 704 3135 Reiske
777 3089 810 3138 10
828 3103 858 3138 τε
876 3084 901 3136 Α
921 3100 975 3140 om
994 3085 1020 3137 R
1075 3093 1110 3141 15

93 3151 253 3223 θήσομαιΒ
280 3152 361 3219 θήσω
374 3153 400 3205 R
456 3159 488 3206 1⁷
503 3150 747 3225 συμβαλλόντωνΟ
777 3153 1008 3227 συμβαλόντωνο
1020 3154 1111 3211 Cobet

95 3224 161 3280 obs.
175 3241 202 3293 p.
215 3229 248 3278 76
304 3230 337 3278 18
356 3221 550 3313 γενομέναςΒ
604 3231 638 3280 20
657 3229 804 3280 ποιεισθαι
814 3225 944 3280 Schnelle
955 3226 1021 3282 obs
1070 3229 1108 3315 δή
1148 3227 1150 3231 ’

94 3292 270 3366 κουφοτέρας
287 3292 340 3345 ΑΒ
376 3293 555 3381 κουφοτέρως
571 3296 597 3348 R
612 3298 616 3365 Ι
634 3293 674 3358 είς
692 3296 746 3350 del.
761 3297 905 3366 Kiessling
959 3303 993 3351 22
1014 3245 1112 3367 εέδφέ-

95 3384 197 3433 ρεινο
216 3364 355 3420 Bficheler
391 3361 532 3434 φέρεινΟ
621 3374 655 3422 23
674 3366 867 3438 γενόμενονΟ
894 3385 963 3422 corr.
984 3367 1113 3423 Sintenis

88 3438 150 3494 Em
170 3437 254 3492 Dion.
273 3436 299 3490 11
319 3441 352 3490 13
