2414 3840
146 145 190 210 94
573 151 736 199 -Δ-

144 311 291 386 πολλοὺς
317 311 373 375 καί
398 309 539 387 πελάτας
562 309 764 394 ἐπαγόμενος
786 310 831 386 ώς
854 309 1040 396 αὐτόμολος
1063 311 1164 398 (nal)

144 416 200 480 ἵνα
229 416 270 499 δη
299 420 426 499 μᾶλλον
454 416 544 504 αὐτῷ
571 416 783 482 πιστεύσειαν
806 416 987 500 ἀληθεύειν
1008 419 1072 502 την
1096 419 1164 485 ἀπὸ

143 530 205 587 τοῦ
226 523 350 609 πατρὸς
373 522 566 607 ἀπόστασιν,
589 522 753 610 ἀργύριόν
773 546 810 588 τε
831 521 888 589 καὶ
908 526 1051 609 χρυσίον
1072 529 1164 592 πολὺ

143 631 299 712 κομίζων·
326 628 563 716 ἐπισυνέρρεόν
581 628 609 694 τ’
628 629 717 718 αὐτῷ
736 626 855 696 πολλοὶ
873 631 953 714 μετά
970 639 1075 696 ταῦτα
1093 642 1163 697 τῶν

115 733 180 799 τέκ
210 743 268 819 της
299 737 426 813 πόλεως
457 737 597 820 φεύγειν
625 735 687 820 την
713 738 898 821 τυραννίδα
926 740 1160 822 σκηπτόμενοι,

106 837 198 907 4καὶ
223 840 295 926 χεὶρ
317 844 382 927 ἤδη
406 842 482 930 περὶ
505 844 608 909 αὐτὸν
631 838 674 927 ἦν
696 843 846 929 καρτερά.
892 827 1050 921 δόξαντες
1073 841 1105 909 δ’
1128 844 1166 909 oc

141 947 261 1032 Γάβιοι
282 947 365 1034 μέγα
382 948 646 1036 προσγεγονέναι
665 953 760 1034 σφίσι
778 948 1005 1034 πλεονέκτημα
1023 955 1160 1017 πολλῶν

142 1053 187 1131 ὡς
210 1055 333 1134 αύτούς
356 1056 570 1141 ἀφικομένων
592 1053 647 1122 καί
670 1056 712 1120 ού
732 1057 789 1121 διά
807 1064 936 1141 μακροῦ
953 1057 1017 1140 τὴν
1029 1053 1162 1143 Ῥώμην

141 1161 334 1248 ὑποχείριον
362 1162 448 1244 ἕξειν
476 1163 668 1239 ἐλπίσαντες
695 1160 751 1227 καὶ
778 1165 826 1228 ἔτι
849 1168 976 1247 μᾶλλον
999 1161 1160 1249 ἐξαπατη-

102 1287 128 1327 10
141 1265 259 1345 θέντες
280 1262 341 1352 ὑφ’
362 1263 411 1334 ὧν
434 1270 592 1354 ἔπραττεν
615 1268 634 1334 δ
653 1277 715 1334 τοῦ
732 1269 856 1354 πατρὸς
873 1267 1060 1354 ἀποστάτης
1078 1285 1160 1336 συν-

141 1385 224 1458 εχῶς
246 1372 299 1439 ἐπὶ
321 1375 383 1458 την
405 1376 518 1460 χώραν
541 1373 637 1452 ἐξιὼν
660 1372 715 1439 καί
733 1375 857 1452 πολλάς
874 1378 1162 1461 περιβαλλόμενος

140 1480 316 1564 ὠφελείας·
352 1482 578 1566 παρεσκεύασε
605 1483 669 1567 γάρ
697 1481 716 1547 δ
743 1482 850 1568 πατὴρ
879 1482 969 1570 αὐτῷ
992 1485 1162 1568 προειδὼς

141 1588 188 1663 είς
215 1586 274 1665 οὓς
301 1587 461 1669 παρέσται
488 1590 625 1670 τόπους,
653 1590 715 1671 τήν
742 1610 778 1653 τε
803 1591 896 1654 λείαν
919 1589 1081 1672 άφθονον
1103 1587 1161 1655 καὶ

140 1695 180 1759 τά
201 1697 307 1778 χωρία
331 1693 514 1778 ἀφύλακτα,
537 1691 689 1772 καὶτοὺς
707 1693 958 1779 ἀπολουμένους
976 1691 1032 1760 ὑπ’
1049 1695 1160 1762 αὐτοῦ

100 1817 125 1858 15
140 1811 288 1886 συνεχῶς
310 1803 468 1884 ἔπεμπεν,
496 1800 728 1886 ἐπιλεγόμενος
755 1800 791 1867 ἐκ
817 1812 884 1866 τῶν
907 1806 1070 1885 πολιτῶν,
1099 1801 1161 1880 οδς

139 1905 177 1970 ἐν
208 1907 367 1986 ὑποψίαις
399 1903 499 1992 εἶχεν·
536 1907 569 1986 ἐξ
597 1908 753 1973 ἁπάντων
779 1931 815 1973 τε
842 1909 971 1972 τούτων
999 1906 1205 1987 δόξαντεςῖτε

140 2015 241 2095 φίλον
267 2016 328 2098 [τε]
352 2016 471 2080 πιστὸν
494 2009 584 2080 εἷναί
604 2030 701 2100 σφισι
723 2017 783 2080 τὸν
806 2016 915 2101 ἄνδρα
937 2013 992 2079 καὶ
1016 2031 1160 2102 στρατη-

139 2119 242 2203 λάτην
265 2120 409 2206 ἀγαθόν,
431 2118 550 2187 πολλοὶ
574 2117 611 2186 δὲ
633 2120 688 2187 καὶ
711 2123 876 2207 χρήμασιν
898 2117 955 2187 ὑπ’
978 2121 1086 2186 αὐτοῦ
1105 2123 1160 2188 δε-

137 2225 330 2311 κασθέντες,
354 2226 407 2294 ἐπὶ
429 2229 491 2312 την
515 2227 742 2313 αὐτοκράτορα
764 2228 974 2313 παράγουσιν
998 2226 1116 2314 ἀρχήν.

99 2353 125 2393 20
204 2334 290 2402 LVI.
325 2336 497 2419 Τοσαύτης
526 2335 567 2418 δη
597 2336 778 2418 γενόμενος
805 2332 956 2412 ἐξουσίας
984 2334 1002 2400 ὁ
1030 2333 1160 2414 Σέξτος

138 2442 253 2527 κύριος
286 2439 330 2507 δι’
357 2442 482 2526 ἀπάτης
512 2440 569 2507 καὶ
601 2449 809 2526 φενακισμοῦ
838 2452 905 2506 τῶν
923 2444 1158 2530 Ιθεραπόντων

137 2548 212 2611 τινά
244 2549 362 2612 λαθὼν
392 2551 472 2624 τοὺς
498 2550 644 2630 Γαβίους
675 2545 794 2631 πέμπει
824 2548 908 2633 πρὸς
936 2548 996 2612 τὸν
1028 2547 1157 2635 πατέρα

137 2655 199 2735 τήν
221 2649 250 2717 τ’
272 2653 442 2736 ἐξουσίαν,
464 2654 508 2736 ἣν
532 2653 677 2738 είληφὼς
699 2649 752 2737 ἦν,
777 2654 973 2737 δηλώσοντα
995 2652 1052 2719 καὶ
1075 2676 1156 2721 πευ-

102 2761 297 2843 λυόμενον,
328 2761 364 2823 τί
392 2760 456 2845 χρὴ
486 2771 604 2825 ποιεῖν.
650 2759 669 2825 δ
699 2755 737 2824 δὲ
766 2761 953 2844 Ταρκύνιος
984 2757 1067 2826 οὐδὲ
1093 2763 1157 2828 τὸν

97 2882 123 2924 25
136 2865 329 2952 θεράποντα
350 2866 529 2949 γινώσκειν
551 2868 765 2950 βουλόμενος,
789 2863 810 2928 δ
828 2866 888 2930 τὸν
905 2864 982 2930 υίὸν
1001 2863 1156 2933 ἐκέλευσε

208 3058 292 3113 2ίνα
311 3057 388 3128 δηΟ
426 3058 475 3113 καί
498 3059 546 3114 ἵνα
569 3058 604 3128 δὴ
622 3058 669 3113 vel
687 3056 736 3112 καί
754 3057 803 3113 ἵνα
820 3057 867 3112 vel
885 3057 933 3113 ἵνα
951 3055 984 3112 δὲ
1002 3062 1109 3129 μάλλον
1128 3076 1154 3116 c.

136 3129 236 3184 Portus
304 3137 336 3184 12
354 3132 486 3200 προαδο.
508 3132 571 3200 (ηδο
589 3132 623 3184 ut
639 3129 761 3198 videtur)
780 3128 826 3184 Ba
861 3131 990 3200 προϊδεῖν
1008 3127 1056 3184 Bb
1119 3139 1153 3186 17

136 3201 219 3271 φίλον
233 3220 263 3255 τε
283 3200 305 3255 0
334 3222 363 3271 φ.
384 3201 419 3270 δὴ
438 3200 566 3256 Hertlein
580 3201 697 3256 Hermes
711 3201 807 3254 X413·
826 3220 855 3255 τε
871 3200 928 3254 deI.
943 3199 1068 3254 Schenkl
1082 3201 1154 3256 Bur·

136 3271 209 3326 niani
227 3270 363 3326 librorum
382 3289 446 3327 ann.
465 3271 585 3327 breviar.
603 3290 630 3342 p.
645 3277 680 3327 45
743 3277 775 3325 18
795 3271 1024 3334 δεκασθέντεςΒ
1062 3274 1155 3344 δωρο-

136 3340 350 3413 δοκηθέντεςδδ
406 3350 438 3398 19
457 3342 630 3414 προάγουσιν
649 3359 672 3399 c.
692 3341 821 3397 Hertlein
838 3343 956 3398 Hermes
975 3343 1001 3396 X
1015 3348 1070 3399 413
1117 3350 1155 3399 20

135 3412 288 3485 γενομένης
305 3417 330 3467 Α
402 3421 436 3470 25
456 3411 607 3470 έκέλενεΒ
