2414 3840
525 209 689 257 -Δ-
1074 204 1117 270 85

102 366 259 453 ἀρίστους
285 368 427 453 ἀνδρας,
459 366 604 451 ἡγεμόνα
630 375 808 432 ποιοῦνται
833 374 894 432 τοῦ
918 368 1042 443 ἔθνους
1065 364 1118 432 ἐπὶ

59 485 166 551 τεετοῐς
194 475 311 553 αὐτοῖς
332 483 404 552 τοῖς
430 474 587 556 δικαίοις,
619 468 673 557 ἐφ’
700 464 750 550 οἷς
781 474 969 559 Ταρκύνιόν
996 495 1032 539 τε
1057 474 1118 539 τὸν

99 580 233 646 πάππον
267 581 373 646 αὐτοῦ
404 583 569 667 πρότερον
597 579 795 662 ἐποιήσαντο
823 577 879 644 καὶ
907 580 987 664 μετὰ
1014 588 1118 645 ταῦτα

104 687 261 752 Τύλλιον·
299 689 474 770 συνθήκας
494 709 530 751 τε
552 686 741 772 γράψαντες
760 685 797 752 ἐν
816 689 950 771 στήλαις
968 685 1023 753 καὶ
1042 685 1118 772 περὶ

102 798 253 877 φυλακῆς
283 803 351 859 τῶν
383 790 611 877 συγκειμένων
644 778 740 878 ὅρκια
772 796 925 877 τεμόντες
958 791 1144 859 διέλυσανσ

100 899 157 963 τὸν
180 899 359 983 σύλλογον.

164 1005 401 1073 XXXXVIIII.
434 1007 551 1092 Τυχὼν
577 1002 615 1072 δὲ
636 1014 696 1090 τῆς
717 1008 875 1071 Λατίνων
897 1004 1075 1089 ἡγεμονίας
1099 1006 1117 1072 δ

105 1113 292 1197 Ταρκύνιος
314 1111 558 1198 ἐπρεσβεύσατο
576 1109 733 1198 καὶπρὸς
751 1113 809 1190 τάς
826 1108 989 1197 Ἑρνίκων
1007 1114 1119 1189 πόλεις

102 1216 152 1283 καὶ
184 1219 271 1306 πρὸς
301 1221 360 1298 τὰς
390 1218 615 1286 Οὐολούσκων
643 1219 916 1305 προκαλούμενος
945 1217 1119 1296 κάκείνους

103 1327 145 1402 είς
168 1328 289 1410 φιλίαν
310 1348 347 1392 τε
370 1322 426 1392 καὶ
449 1327 649 1410 συμμαχίαν.
679 1322 830 1410 Ἕρνικες
852 1322 913 1410 μὲν
933 1319 995 1390 οὖν
1014 1326 1116 1390 άπαν-
1132 1346 1158 1386 ιο

103 1455 152 1510 τες
189 1431 399 1516 ἐψηφίσαντο
435 1441 547 1503 ποιεῖν
583 1432 645 1515 τήν
678 1433 883 1516 συμμαχίαν,
920 1432 956 1497 έκ
989 1429 1026 1497 δὲ
1057 1441 1118 1497 τοῦ

104 1539 328 1604 Οὐολούσκων
363 1539 488 1615 ἔθνους
521 1539 583 1603 δύο
611 1540 724 1615 πόλεις
752 1536 905 1616 ἐδέξαντο
934 1542 1034 1622 μόναι
1061 1541 1119 1616 τδις

102 1647 308 1731 προκλήσεις,
328 1638 521 1731 Ἐχετρανοί
535 1665 570 1708 τε
587 1641 643 1709 καὶ
658 1639 832 1710 Ἀντιᾶται.
868 1653 929 1709 τοῦ
948 1641 985 1710 δὲ
1004 1644 1118 1729 μένειν

103 1753 145 1828 είς
163 1751 296 1816 ἅπαντα
313 1753 437 1836 χρόνον
455 1752 496 1815 τά
514 1751 713 1834 συγκείμενα
732 1741 805 1827 ταῖς
825 1753 940 1815 πόλεσι
954 1753 1118 1836 πρόνοιαν

103 1857 118 1923 ὁ
143 1858 332 1944 Ταρκύνιος
359 1856 540 1940 λαμβάνων
568 1857 659 1942 ἱερὸν
687 1858 773 1940 έγνω
801 1858 918 1923 κοινὸν
946 1856 1116 1936 ἀποδεῖξαι
1133 1877 1157 1918 15

99 1959 266 2049 Ῥωμαίων
297 1986 333 2028 τε
365 1959 420 2027 καὶ
443 1965 600 2028 Λατίνων
630 1960 685 2028 καὶ
703 1958 867 2048 Ἑρνίκων
889 1962 944 2028 καὶ
969 1964 1118 2031 Οὐολού-

102 2087 190 2136 σκων
212 2079 289 2135 τῶν
304 2066 568 2155 ἐγγραψαμένων
591 2071 638 2146 είς
657 2070 720 2153 τήν
739 2058 939 2156 συμμαχίαν,
963 2071 1019 2137 ἵνα
1038 2088 1117 2138 συν-

63 2180 278 2264 ιοιερχόμενοι
300 2169 378 2240 καθ’
396 2174 536 2240 ἕκαστον
560 2175 715 2242 ένιαυτδν
733 2178 781 2253 είς
798 2178 858 2242 τὸν
874 2176 1118 2262 ἀποδειχθέντα

100 2287 203 2351 τύπον
223 2285 474 2369 πανηγυρίζωσι
487 2280 542 2347 καὶ
558 2293 797 2349 συνεστιῶνται
810 2282 865 2348 καὶ
879 2294 1003 2348 κοινῶν
1018 2284 1118 2370 ίερῶν

99 2388 407 2475 μεταλαμβάνωσιν.
444 2388 619 2474 ἀγαπητῶς
642 2386 680 2455 δέ
703 2390 838 2455 πάντων
856 2391 894 2455 τὸ
912 2398 1047 2476 πρᾶγμα
1066 2371 1159 2487 δε-,ῗο

100 2496 252 2584 ξαμένων
279 2499 383 2562 τόπον
411 2492 472 2580 μὲν
500 2494 686 2579 ἀπέδειξεν,
719 2498 805 2561 ἔνθα
832 2498 1029 2580 ποιήσονται
1052 2499 1118 2582 τήν

100 2605 249 2670 σύνοδον
277 2601 314 2668 έν
342 2601 431 2690 μέσῳ
460 2603 601 2687 μάλιστα
628 2613 696 2668 τῶν
725 2602 838 2669 έθνῶν
860 2607 1014 2689 κείμενον
1038 2608 1117 2693 ὄρος

98 2711 246 2795 ύψηλόν,
283 2709 301 2774 δ
334 2717 393 2795 τῆς
422 2705 592 2791 Ἀλβανῶν
624 2708 815 2793 ὑπέρκειται
846 2713 987 2795 πόλεως,
1021 2712 1058 2778 έν
1090 2705 1117 2801 ᾦ

97 2817 303 2901 πανηγύρεις
330 2809 363 2878 τ’
396 2814 460 2879 ἀνά
493 2822 560 2879 πᾶν
588 2817 660 2892 ἔτος
688 2816 831 2899 ἀγεσθαι
857 2815 913 2882 καὶ
940 2817 1118 2906 ἐκεχειρίας

99 2919 185 2989 εἶναι
214 2930 296 2986 πᾶσι
322 2922 404 3007 πρὸς
432 2920 558 2998 πάντας
585 2919 811 3005 ἐνομοθέτησε
834 2926 958 3001 θυσίας
980 2948 1015 2990 τε
1038 2943 1117 2991 συν-
1131 2943 1157 2984 τι

98 3034 267 3096 τελεῖσθαι
289 3028 404 3104 κοινάς
422 3034 467 3114 τῷ
487 3026 682 3115 καλουμένῳ
696 3031 869 3117 Λατιαρίφ
884 3027 944 3094 Διὶ
963 3031 1018 3096 καὶ
1037 3049 1116 3098 συν-

98 3136 277 3218 εστιάσεις,
305 3133 403 3212 τάξας
429 3132 450 3197 ἀ
474 3135 528 3199 δεῖ
542 3132 698 3229 παρέχειν
723 3132 863 3221 ἑκάστην
886 3137 985 3202 πόλιν
1008 3141 1055 3215 είς
1077 3139 1117 3201 τὰ

167 3334 183 3383 8
198 3325 342 3397 Ἑρνίκων
361 3356 394 3365 -
413 3324 484 3395 πρὸς
502 3325 552 3389 τὰς
569 3326 595 3379 A
612 3326 643 3380 in
660 3342 725 3396 mge
787 3333 819 3381 11
839 3330 985 3381 ποιεῖσθαι
1003 3323 1115 3388 Βιοὶοδεο,

99 3399 149 3457 del.
172 3398 285 3467 Kayser
308 3395 379 3450 Ann.
404 3395 474 3465 phil.
495 3404 564 3453 1866
587 3416 615 3467 p.
629 3404 664 3453 45
757 3404 789 3452 13
807 3393 980 3466 Ἐχετραινολ
1004 3391 1116 3461 ΒΙἍν-

99 3471 204 3541 ιριάται
222 3469 250 3522 Α
324 3472 359 3522 20
380 3465 512 3524 ἁπάντων
531 3469 554 3522 Β
