2414 3840
497 175 663 224 -Ε-
1023 172 1089 237 209

53 317 247 418 διεξιέναι,
280 331 357 419 μηδ’
384 339 418 399 εί
443 356 475 399 τι
502 335 683 418 πολίτευμα
710 333 813 399 καλὸν
841 331 896 398 καὶ
925 335 1089 417 σωτήριον

58 449 158 517 ταῖς
178 443 311 506 πόλεσιν
340 437 553 518 ἀπεδείξαντο
582 438 786 524 ἐξευρόντες,
819 438 902 504 ἀλλὰ
929 437 983 503 καὶ
1011 441 1089 515 τοὺς

69 540 176 623 βίους
203 547 328 629 αὐτῶν,
361 546 393 610 εί
418 543 545 631 μέτριοι
572 542 627 610 καί
654 546 828 631 σώφρονες
855 543 910 611 καὶ
934 543 1090 629 μένοντες

77 643 142 716 ἐπὶ
158 663 223 730 τοῖς
244 654 397 738 πατρίοις
420 650 656 735 ἐπιτηδεύμασι
679 649 881 735 διετέλεσαν,
906 650 1128 719 ἐπιδείκνυ-2

80 763 172 823 σθαι.
215 757 341 834 ἐκεῖνος
363 759 480 823 τοίνυν
504 756 522 822 ὁ
545 756 631 843 ἀνὴρ
654 758 905 840 συγκαταλύσας
927 755 989 842 μὲν
1012 760 1119 835 τούςε

88 862 226 942 βασιλεῖς
254 864 291 930 ἐν
320 873 391 941 τοῖς
412 863 557 950 πρώτοις
577 862 727 950 τέτταρσι
749 867 933 950 πατρικίοις
955 862 1009 929 καὶ
1034 865 1091 947 δη-

91 971 204 1049 μεύσας
226 970 339 1036 αὐτῶν
359 971 419 1048 τάς
441 968 605 1057 ὑπάρξεις,
629 970 777 1055 τετράκις
801 967 837 1034 δὲ
857 978 915 1052 της
933 970 1092 1054 ὑπατικῆς

94 1071 231 1154 ἐξουσίας
253 1079 435 1161 γενόμενος
456 1077 586 1162 κύριος,
610 1079 786 1160 μεγίστους
809 1071 846 1141 δὲ
870 1077 932 1140 δύο
955 1078 1093 1159 νικήσας

42 1196 46 1227 -·
94 1181 244 1268 πολέμους
275 1179 332 1248 καὶ
363 1182 552 1268 θριάμβους
579 1184 776 1266 καταγαγὼν
800 1179 855 1248 ἀπ’
882 1181 1091 1268 ἀμφοτέρων,

95 1287 147 1352 τὸν
170 1286 229 1374 μὶν
256 1298 391 1376 πρῶτον
419 1287 483 1354 ἀπὸ
510 1297 572 1355 τοῦ
599 1292 782 1375 Τυρρηνῶν
805 1292 944 1373 ἐθνους,
972 1292 1031 1356 τὸν
1056 1287 1093 1356 δὲ
1108 1311 1133 1351 10

96 1388 238 1480 δεύτερον
257 1393 322 1459 ἀπὸ
337 1396 509 1477 Σαβίνων,
530 1393 685 1469 τοιαύτας
698 1393 851 1480 ἀφορμάς
863 1407 1092 1483 χρηματισμοῦ

96 1498 203 1584 λαβών,
226 1498 266 1577 ἃς
289 1497 401 1576 οὐδεὶς
421 1497 463 1565 ἀν
482 1499 527 1575 ὡς
545 1501 682 1585 αίσχρδις
699 1499 754 1565 καὶ
773 1500 909 1578 ἀδίκους
928 1502 1092 1588 διέβαλεν,

94 1604 148 1690 νύχ
173 1604 256 1672 ἑάλω
283 1615 323 1692 τῇ
346 1606 474 1682 πάντας
497 1604 699 1690 ἀνθρώπους
721 1608 1014 1694 καταδουλουμένῃ
1038 1609 1092 1675 καὶ

95 1706 283 1799 ἀσχημονεῖν
316 1711 546 1798 ἀναγκαζούσῃ
577 1715 835 1799 φιλοχρηματία·
873 1712 944 1778 ἀλλ’
974 1712 1027 1779 ἐπὶ
1054 1724 1093 1799 τῇ

92 1828 183 1907 μικρᾷ
213 1818 269 1886 καὶ
301 1820 584 1906 πατροπαραδότῳ
614 1818 779 1904 διέμεινεν
807 1820 905 1906 ούσιήι
933 1820 1094 1905 σώφρονα
1111 1840 1136 1881 ιε

43 1914 144 1991 ⁹⁶⁷nal
163 1926 308 2013 αὐτάρκη
331 1923 388 1991 καὶ
410 1926 517 2009 πάσης
536 1924 716 2011 ἐπιθυμίας
732 1929 905 2012 κρείττονα
923 1930 999 2011 βιόν
1020 1931 1094 2010 ζῶν,

79 2020 144 2096 Ικαί
167 2034 287 2110 παῖδας
314 2030 368 2097 ἐπὶ
394 2041 465 2109 τοϊς
495 2032 620 2116 ὀλίγοις
646 2035 812 2118 χρήμασιν
840 2032 1006 2119 ἐθρέψατο
1033 2043 1095 2099 τοῦ

94 2136 201 2218 γένους
222 2138 351 2222 ἀξίους,
374 2136 430 2205 καί
454 2139 557 2223 δῆλον
582 2137 736 2223 ἐποίησεν
758 2141 898 2224 άπασιν,
921 2140 972 2205 ὅτι
994 2141 1095 2205 πλού-

97 2246 158 2321 σιός
187 2246 276 2321 ἐστιν
307 2245 368 2331 ούχ
397 2245 416 2311 δ
443 2247 550 2312 πολλὰ
577 2243 789 2331 κεκτημένος,
822 2243 894 2311 ἀλλ’
921 2247 938 2312 ὁ
967 2257 1094 2332 μικρῶν

100 2347 250 2436 δεύμενος.
285 2355 405 2431 Ιπίστις
442 2349 473 2417 δ’
510 2351 647 2439 ἀκριβὴς
678 2351 733 2417 καὶ
766 2352 1008 2437 ἀναμφίλεκτος
1040 2333 1139 2448 τῆςῇ,

100 2454 279 2545 αὐταρκείας
310 2467 371 2524 τοῦ
403 2459 543 2546 ἀνδρός,
576 2459 618 2542 ἣν
650 2458 842 2538 ἀπεδείξατο
874 2461 964 2546 παρὰ
990 2460 1097 2526 πάντα

102 2560 149 2625 τὸν
167 2575 226 2631 τοῦ
249 2567 327 2650 βίου
350 2568 485 2652 χρόνον,
508 2565 529 2649 ἡ
553 2567 633 2650 μετδι
655 2568 715 2632 τὸν
738 2566 889 2631 θάνατον
912 2567 1015 2634 αὐτοῦ
1034 2593 1097 2653 φα-

104 2678 179 2735 νεῖσα
206 2672 338 2758 ἀπορία.
385 2668 464 2737 οὐδὲ
491 2674 555 2759 γάρ
584 2673 667 2738 αὐτά
694 2675 734 2739 τά
762 2675 809 2749 είς
835 2674 896 2757 τὴν
920 2674 1098 2761 ἐκκομιδὴν

103 2783 149 2839 τοῦ
166 2779 315 2863 σώματος
332 2775 387 2843 καὶ
406 2780 528 2863 ταφήν,
552 2773 600 2844 ὧν
620 2776 719 2864 ἀνδρὶ
737 2781 896 2864 προσήκει
914 2782 1096 2871 τηλικούτῳ

103 2895 212 2968 τυχεῖν,
240 2883 408 2970 ἀρκοῦντα
435 2884 472 2951 ἐν
499 2896 570 2963 τοῖς
591 2885 777 2971 ὑπάρχουσι
799 2884 985 2954 κατέλιπεν·
1022 2888 1093 2954 ἀλλ’
1114 2923 1140 2965 25

102 2976 268 3076 ἐμέλλησαν
292 2990 396 3056 αύτὸν
415 2993 450 3057 οί
471 3003 642 3076 συγγενεῖς
660 2993 797 3077 φαύλως
815 3016 883 3073 πως
901 2994 957 3061 καὶ
976 2997 1020 3073 ὡς
1039 2994 1098 3060 ἕνα

159 3155 173 3203 3
193 3145 389 3204 ἐπιδεικνύναι
410 3166 432 3204 ο.
452 3148 595 3219 Kiessling
658 3158 692 3206 10
711 3149 742 3206 δὲ
762 3167 815 3205 om.
835 3152 857 3205 B
921 3160 952 3206 11
973 3152 1097 3206 ἀπὸτοῦ

97 3205 136 3267 Za
154 3221 219 3274 ίνων
238 3236 262 3275 ο,
281 3218 385 3274 Reiske
402 3223 406 3289 Ι
423 3229 618 3291 χρηματισμῶν
638 3223 659 3276 Β
725 3228 757 3276 15
781 3220 962 3296 διέμειν<ε>ν
981 3222 1003 3273 Β
1065 3225 1097 3272 18

95 3274 126 3346 (ἐξ
138 3309 172 3352 ως
194 3307 224 3347 ο.-
238 3289 398 3360 Stephanus
420 3297 423 3359 Ι
445 3294 547 3360 δη.λον
566 3292 588 3344 Β
666 3299 700 3348 20
719 3292 887 3362 δεησόμενος
906 3294 928 3347 Ο
966 3288 1099 3370 δεόμενος

93 3340 258 3485 ἒλομλαοὲτιαῖ1
276 3432 287 3485 l
330 3366 365 3414 24
389 3356 427 3416 ὦν
450 3361 527 3416 ABG
568 3363 607 3418 ὡν
625 3363 673 3418 Ba
718 3365 754 3427 ὡς
777 3363 865 3417 editio
889 3361 1098 3424 Kiesshnglana

111 3442 162 3486 ες.
203 3438 237 3486 fic
260 3447 318 3486 eer

142 3529 238 3573 onm's.
252 3532 318 3572 HAL.
332 3531 363 3571 11.
385 3543 423 3572 τυ.
438 3533 538 3574 heom.
908 3523 940 3572 14
