2414 3840
494 177 657 229 -ς-
1017 179 1082 244 319

64 336 169 421 ε’σχον
195 334 251 401 καὶ
281 335 429 421 διέμεινα
457 334 509 402 ἐπὶ
536 349 604 402 τῶν
632 338 852 424 ἐγνωσμένων
880 340 957 406 οὔτε
987 343 1083 429 φόβῳ

65 430 270 528 ἀποτραπεὶς
301 443 379 508 ούτε
412 444 523 526 δεήσει
555 445 631 509 ούτε
659 445 793 531 χάρισιν
820 446 924 531 εἴξας,
955 455 1021 513 νῦν
1049 446 1079 512 δ’

68 551 206 633 ἰδιώτης
229 549 277 615 ὢν
300 548 432 634 ῥίψαιμι
456 549 600 634 ἐμαυτὸν
622 550 678 617 καὶ
700 554 762 636 τήν
779 556 969 640 παρρησίαν
987 578 1085 620 κατα-

66 658 248 741 προδοίην·
285 661 349 720 είτε
380 679 447 740 μου
478 659 516 722 τὸ
549 657 731 746 ἐλεύθερον
762 669 821 744 τῆς
851 669 957 745 ψυχῆς
989 661 1119 745 ὑμῶν2

68 763 207 839 ἕκαστος
225 763 380 845 βούλεται
399 762 577 828 ἀποκαλεῖν
595 762 727 848 εὐγενὲς
746 773 810 831 είτε
824 767 982 849 αὔθαδες,
1002 768 1111 833 όσονῡ

9 869 114 935 ι27ἀν
143 872 184 948 ζῶ
211 870 336 952 χρόνον
364 869 434 934 ούκ
461 869 737 955 ἀποστήσομαι
763 881 833 937 τοῦ
860 874 932 956 ήδη
960 877 1085 950 καλῶς

69 971 333 1058 δεδογμένου,
363 972 418 1039 καὶ
447 975 606 1043 οὐδέποτε
634 976 752 1055 είσάξω
780 981 993 1064 χαριζόμενος
1015 990 1085 1057 τοϊς

66 1093 183 1158 κακοῖς
205 1092 313 1167 χρεῶν
336 1080 520 1166 ἀποκοπάς,
544 1083 627 1149 άλλδι
649 1083 705 1150 καὶ
727 1086 811 1171 πρὸς
832 1087 911 1161 τοὺς
934 1086 1085 1169 είσάγον-

67 1211 129 1265 τας
155 1187 256 1265 αὐτὰς
283 1186 392 1274 άπάση
418 1193 592 1278 προθυμία
615 1191 785 1277 χρώμενος
808 1190 909 1276 ὁμόσε
931 1194 1084 1278 χωρήσω,

67 1297 296 1379 λογιζόμενος,
324 1294 375 1358 ότι
402 1304 492 1360 πᾶσα
518 1300 616 1362 κακία
642 1295 699 1363 καὶ
726 1299 900 1384 διαφθορά
927 1296 982 1364 καὶ
1006 1303 1084 1363 συλ-
1098 1319 1124 1358 10

67 1402 199 1485 λήβδην
222 1400 391 1486 ἀνατροπὴ
415 1405 541 1480 πόλεως
559 1403 623 1469 άπὸ
641 1408 839 1491 χρεοκοπίας
857 1407 998 1491 άρχεται.
1029 1402 1119 1471 καλό

67 1513 135 1572 εἴτε
170 1529 221 1584 τις
254 1506 318 1572 ἀπὸ
350 1516 411 1572 τοῦ
443 1512 613 1594 φρονίμου
645 1517 709 1575 είτε
743 1512 799 1575 διὰ
831 1515 951 1594 μανίας
982 1513 1084 1592 τινός,

68 1613 183 1697 ἐπειδή
208 1613 249 1679 οὐ
271 1615 309 1679 τὸ
333 1615 422 1679 ίδιον
446 1614 602 1700 ἀσφαλές,
626 1616 709 1680 ἀλλὰ
726 1617 764 1680 τὸ
784 1624 842 1699 τής
859 1619 986 1692 πόλεως
1004 1615 1084 1694 ἀξιῶ

69 1732 226 1803 σκοπεῖν,
262 1725 327 1786 είτε
364 1720 580 1805 ὁπωσδήποτε
617 1723 764 1806 οίήσεται
801 1722 878 1786 τάδε
916 1721 1084 1805 λέγεσθαι,

69 1837 231 1913 συγχωρῶ
251 1826 339 1914 αύτῷ
358 1830 516 1911 νομίζειν,
540 1828 629 1904 ὅπως
647 1829 813 1911 βούλεται,
832 1824 928 1911 μέχρι
947 1823 984 1891 δὲ
1002 1849 1085 1891 παν·
1099 1846 1125 1887 15

68 1935 126 2011 τὸς
148 1932 390 2019 ἐναντιώσομαι
408 1945 477 2012 τοῖς
495 1936 539 2019 μή
557 1937 598 2000 τδι
616 1935 737 2020 πάτρια
755 1933 978 2017 πολιτεύματα
997 1935 1085 2016 είση-

67 2039 278 2125 γησομένοις.
311 2040 423 2123 ἐπειδή
443 2036 474 2104 δ’
494 2041 535 2106 οὐ
553 2042 594 2106 τά
607 2039 687 2127 χρόα
701 2040 901 2105 ἀπαιτοῦσιν
916 2039 952 2104 οί
962 2042 1084 2123 καιροί,

69 2149 218 2231 μεγάλην
242 2142 279 2211 δὲ
301 2147 481 2230 βοήθειαν,
505 2145 523 2212 ὃ
547 2149 652 2230 μόνον
676 2148 767 2212 ἔσται
791 2154 849 2229 τῆς
872 2146 1085 2230 διχοστασίας

69 2252 248 2337 φάρμακον
280 2250 317 2317 ἐν
350 2259 395 2340 τῷ
423 2255 564 2336 παρόντι
591 2252 724 2338 φράσω·
763 2252 940 2337 δικτάτορα
967 2250 1085 2317 ἕλεσθε

13 2359 153 2424 128κατά
176 2358 290 2441 τάχος,
316 2357 353 2435 ὃς
376 2358 555 2446 ἀνευθύνῳ
577 2360 747 2444 χρώμενος
770 2357 904 2445 ἐξουσία
926 2355 982 2422 καὶ
1005 2360 1084 2440 βου-
1098 2378 1125 2418 το

70 2464 135 2548 λήν
158 2460 214 2527 καὶ
238 2464 345 2547 δῆμον
368 2463 549 2548 ἀναγκάσει
569 2468 610 2530 τά
632 2464 790 2551 κράτιστα
811 2473 857 2552 τῳ
881 2472 983 2550 κοινῳ
1002 2487 1085 2550 φρο-

69 2580 156 2636 νεῖν·
189 2569 272 2652 άλλη
295 2571 359 2652 γὰρ
384 2570 446 2635 ούκ
468 2573 559 2636 ἔσται
582 2571 781 2655 τηλικούτου
804 2579 907 2636 κακού
930 2563 1034 2648 λύσις.

136 2674 340 2740 XXXVIIII.
375 2675 474 2742 Ταῦτ’
497 2680 648 2754 είπόντος
668 2674 807 2741 Ἀππίου
829 2674 975 2742 καὶτῶν
998 2680 1085 2744 νέων

68 2782 391 2868 ἐπιθορυβησάντων
414 2783 459 2859 ὡς
481 2785 521 2848 τά
542 2783 662 2850 δέοντα
680 2807 696 2848 ε
698 2780 933 2867 ίσηγουμόνου,
958 2789 1086 2871 Σερου-

143 2945 159 2994 6
179 2938 265 2993 verba
287 2939 339 2993 ούκ
362 2939 556 3010 ἀποστήσομαι
578 2948 627 2994 τού
650 2939 706 3009 ήδη
730 2944 821 3003 καλῶς
839 2941 1011 3022 δεδογμένου
1031 2959 1085 2998 om.

68 3008 163 3077 ABG,
186 3009 325 3079 praebent
347 3008 421 3080 (ἕως
426 3010 479 3065 DE
553 3011 641 3066 ’λκαὶ
667 3011 721 3066 del
744 3011 902 3082 Kiessling‚
930 3015 996 3067 ante
1020 3011 1086 3068 ὅσον

67 3082 232 3150 transponit
255 3080 377 3150 Sylburg
399 3028 457 3135 illis
479 3081 574 3137 verbis
598 3081 710 3137 omissis
804 3088 835 3136 12
859 3083 1086 3156 φρον<ι>μουΒ

69 3155 212 3233 φρονίμου
230 3152 348 3214 τινὸςΟ
385 3153 441 3209 ἀπὸ
460 3161 512 3209 νοῦ
531 3156 672 3223 φρονίμου
692 3155 748 3209 είτε
767 3152 802 3222 νή
818 3156 876 3208 Δία
893 3156 1020 3292 μανίας
1011 3153 1087 3215 τινὸς

68 3241 92 3278 ο.
112 3223 218 3278 Relske
292 3228 324 3278 15
343 3240 394 3294 συγ
412 3245 450 3294 ωρ
453 3245 492 3279 ων
516 3241 538 3278 ο.
563 3224 667 3280 Reiske
742 3233 775 3281 16
794 3232 853 3288 τοῖς
871 3222 961 3292 ταμή
980 3221 1087 3291 πάτρια

68 3313 92 3350 ο.
112 3294 204 3350 Cobet
226 3313 255 3365 p.
276 3301 326 3349 119
352 3307 356 3363 Ι
382 3232 609 3366 εάςηγηοαμὲνοις
633 3296 655 3351 Ο
698 3294 965 3379 είςηγησομὲνοιςο.
984 3292 1086 3345 Portus

70 3373 105 3421 19
114 3363 243 3492 suffibat
261 3366 284 3422 Ο
303 3381 372 3421 corr.
392 3366 516 3422 Sintenis
531 3367 591 3423 Em
605 3366 688 3422 Dion.
703 3367 729 3420 II
745 3374 779 3422 30
829 3367 875 3419 20
893 3362 1086 3437 ἀνυπευθύνῳ

69 3455 93 3493 c.
132 3455 152 3506 y
183 3455 236 3506 urg
