2414 3840
511 193 672 246 -ς..

32 369 84 422 [54
155 355 191 419 L.
223 345 283 418 Ὧν
316 351 472 438 ἑκάτερον
504 353 584 436 ὅσης
617 352 686 419 ἔστί
709 354 836 444 μεστὸν
864 353 1035 437 εὐηθείας,
1069 354 1102 434 ἔξ

85 461 200 526 αὐτῶν
227 459 313 544 ὑμῶς
340 455 513 543 ἀξιώσαιμ’
540 458 582 525 ἀν
610 463 713 544 ἔγωγε
740 472 808 526 τῶν
835 463 943 546 ἔργων
967 471 1103 526 σκοπεῖν

87 565 360 650 ἐνθυμηθέντας,
394 566 445 630 ὅτι
478 567 786 633 διαστασιασάντων
815 569 898 653 πρὸς
924 566 1009 652 ὑμᾶς
1036 579 1104 633 τῶν

87 671 333 759 ταπεινοτέρων
364 674 420 737 διά
448 675 527 749 τοὺς
555 674 632 738 ούτε
659 678 834 751 πολιτικῶς
862 674 939 740 ούτε
966 677 1105 759 μετρίως

87 788 163 855 ταῖς
185 777 335 863 ἀτυχίαις
353 777 592 865 χρησαμένους,
615 776 671 844 καὶ
689 779 1025 867 ὑπαναχωρησάντων
1043 776 1132 865 μένε

89 884 126 951 ἐκ
149 893 207 968 της
228 887 365 968 πόλεως,
390 885 471 949 ἀλλο
495 880 533 949 δὲ
551 881 656 968 μηδὲν
674 885 760 969 ὑμᾶς
778 886 892 951 δεινὸν
910 890 990 971 μήτε
1010 886 1105 970 ἔργα·

91 989 238 1074 ζομένων
261 995 341 1075 μήτε
365 987 633 1074 διανοουμένων,
663 988 735 1055 ἀλλ’
758 991 802 1067 ὡς
825 992 1105 1075 διαλλαγήσονται

91 1096 194 1183 χωρὶς
221 1098 382 1182 αἰσχύνης
409 1097 642 1180 σκοπούντων,
673 1096 846 1182 ἀγαπητῶς
872 1096 1044 1182 δεξάμενοι
1067 1100 1105 1163 τὸ

92 1204 225 1289 συμβάν
248 1202 313 1268 ἀπὸ
336 1211 394 1286 τῆς
416 1204 517 1288 τύχης
538 1201 658 1268 πολλοὶ
680 1215 748 1269 τῶν
771 1204 832 1269 ούκ
853 1198 891 1269 εὖ
910 1202 1106 1286 διανοουμέ-

91 1333 163 1375 νων
186 1310 269 1392 πρδς
291 1309 388 1393 ὑμᾶς,
411 1308 656 1395 ἀνεπτέρωνται
678 1321 749 1388 ταῖς
771 1313 929 1395 γνώμαις,
952 1308 1008 1376 καί
1031 1319 1106 1376 τού·
1121 1330 1147 1370 10

92 1438 154 1481 τον
178 1419 307 1480 οίονται
330 1417 427 1499 σφίσι
449 1425 602 1501 παρεῖναι
620 1417 680 1481 τὸν
699 1417 853 1482 εὐκταῖον
871 1420 1000 1503 καιρόν,
1025 1409 1106 1504 ένῷ

92 1520 340 1587 καταλύσουσιν
367 1521 462 1606 ὑμῶν
489 1523 551 1606 τὴν
579 1521 693 1607 ἀρχήν.
738 1521 880 1588 Αἰκανοὶ
908 1522 970 1607 μέν
992 1546 1030 1605 γε
1053 1522 1143 1588 καί2

96 1627 321 1710 Οὐολοῦσκοι,
346 1630 495 1710 Σαβῖνοί
513 1651 547 1693 τε
569 1625 625 1692 καί
647 1629 685 1692 τὸ
704 1624 867 1713 Ἑρνίκων
891 1630 1002 1711 ἔθνος,
1025 1630 1108 1712 πρὸς

93 1743 141 1821 τῷ
169 1731 297 1817 μηδένα
323 1736 448 1819 χρόνον
476 1732 643 1819 ἐξαίρετον
670 1740 873 1817 πεποιῆσθαι
900 1734 1002 1818 <τοῦ>
1024 1736 1108 1819 πρὸς

94 1841 180 1924 ἡμᾶς
211 1836 374 1924 πολέμου,
406 1839 460 1905 καί
493 1850 563 1917 τοῖς
595 1843 735 1925 ἔναγχος
765 1851 878 1918 κακοῖς
906 1841 1109 1924 δυσανασχε-
1122 1858 1149 1900 15

39 1955 232 2024 ισστοῠντες
246 1946 467 2030 ληστεύουσιν
480 1946 575 2031 ἡμῶν
593 1949 672 2024 τοὺς
691 1945 823 2032 ἀγρούς.
855 1948 1053 2030 Καμπανίας
1072 1942 1109 2011 δὲ

94 2050 152 2118 καὶ
179 2055 366 2137 Τυρρηνίας
391 2053 453 2119 ὅσα
477 2052 677 2130 ἐνδοιαστῶς
700 2053 794 2137 ἡμῶν
817 2051 980 2137 ἀφείμενα
1004 2053 1110 2117 διατε-

95 2165 157 2242 λεῖ,
181 2159 222 2222 τά
244 2155 305 2242 μὲν
329 2158 365 2223 έκ
387 2167 448 2224 τοῦ
471 2167 622 2245 φανεροῦ
645 2158 834 2243 ἀφίσταται,
857 2160 897 2222 τά
921 2156 951 2222 δ’
974 2157 1111 2241 ἀφανῶς

94 2264 383 2350 παρασκευάζεται.
431 2262 577 2331 δοκεῖτ’
605 2261 684 2331 οὐδὲ
710 2267 748 2330 τὸ
772 2267 928 2330 Λατίνων
952 2259 1111 2347 συγγενὲς

96 2373 145 2436 ἔτι
172 2367 309 2454 βέβαιον
336 2369 416 2454 ἡμῖν
444 2369 614 2454 διαμένειν
642 2373 757 2455 φίλιον
781 2371 828 2447 είς
851 2371 971 2435 πύστιν
994 2369 1110 2452 έλθόν,
1124 2389 1151 2429 νο

96 2476 181 2541 ἀλλά
199 2472 255 2541 καί
272 2478 394 2542 τούτου
412 2479 499 2542 πολὺ
517 2475 616 2563 μέρος
635 2475 862 2560 διαγγέλλεται
880 2486 995 2541 νοσεῖν
1014 2479 1111 2562 ἔρωτι

96 2582 336 2668 κρατούμενον,
359 2578 399 2665 ης
421 2583 562 2660 ἀπαντες
584 2585 766 2668 γλίχονται,
789 2584 985 2666 μεταβολῆς·
1018 2581 1054 2646 οί
1074 2579 1147 2649 δέ3

97 2687 180 2764 τέως
203 2688 576 2774 ἐπιστρατοπεδεύοντες
597 2687 731 2775 ἑτέροις,
754 2697 819 2753 νῦν
838 2685 933 2753 αὐτοὶ
951 2690 1113 2774 τειχήρεις

172 2886 188 2934 5
208 2881 348 2950 εύτυχίαις
357 2879 406 2933 Ab
424 2881 458 2935 cf.
472 2879 582 2949 Krflger
595 2881 633 2934 ad
642 2879 724 2936 Dion.
734 2878 807 2934 Hist.
818 2897 845 2948 p.
857 2886 909 2935 260
924 2880 929 2953 Ι
945 2900 1114 2952 παραχωρη-

100 2949 210 3005 σάντων
229 2950 306 3004 ABa
341 2950 623 3022 ὑπαναχωρησάντων
641 2949 688 3003 Bb
748 2948 815 3006 θδδ
834 2967 888 3006 om.
907 2951 960 3004 AB
1015 2950 1111 3006 ’ίάλλ’

99 3019 175 3084 ὅπως
194 3038 216 3076 ο.
237 3020 360 3075 Reudler
378 3021 470 3079 Τίτου.
487 3040 515 3090 p.
530 3028 565 3077 48
620 3028 635 3078 9
655 3021 866 3091 διανοουμένων
885 3022 907 3076 Ο
927 3020 1114 3092 διακειμένων

100 3091 224 3216 Sylburg
306 3099 339 3146 14
357 3101 406 3147 τοῦ
426 3092 491 3149 add.
510 3090 614 3146 Reiske
691 3097 724 3147 15
743 3094 815 3163 ὑμᾶς
833 3093 885 3147 ΑΒ
959 3099 992 3148 16
1010 3092 1114 3161 δημεύ-

100 3180 183 3217 ουσιν
262 3163 440 3232 ληστεύονσιν
460 3163 583 3218 Sintenis
597 3165 658 3218 Em.
673 3162 753 3220 Dion.
768 3164 841 3218 1121
879 3165 995 3235 δηοῖισιν
1009 3161 1113 3216 Reiske

101 3240 135 3288 17
154 3232 233 3302 ἡμῶν
258 3234 400 3303 ἀφείμενα
419 3235 441 3291 O
478 3234 546 3305 ἡμῖν
567 3235 732 3304 διακείμενα
751 3252 775 3291 ο.
793 3234 937 3303 Kiessling
1015 3238 1049 3285 λθ
1068 3229 1115 3304 βέ-

100 3306 185 3376 βαιον
205 3302 227 3358 O
267 3305 386 3376 βεβαίως
404 3323 427 3361 ο.
447 3304 570 3360 Sintenis
589 3306 649 3360 Em.
668 3304 750 3361 Dion.
769 3305 829 3360 Ill
849 3304 970 3359 et1122
992 3305 996 3370 Ι
1016 3299 1114 3371 διαμέ-

99 3373 201 3429 νεινΟ
238 3376 385 3444 διαμενεῖν
404 3375 527 3432 Sintenis
545 3376 598 3432 1.1.
615 3379 620 3447 Ι
635 3378 729 3432 πίστιν
748 3375 771 3429 Ο
807 3370 1080 3430 πύστινὸίωλοωίελ,
1095 3373 1114 3427 1.

100 3451 136 3501 λλ
156 3445 349 3515 κρατούμενον
371 3447 425 3503 del.
444 3448 567 3503 Reudler
585 3447 674 3504 Tiroc.
692 3466 720 3518 p.
735 3452 770 3501 48
842 3452 876 3500 23
895 3442 1051 3515 *τειχήρεις
1070 3441 1116 3498 έν-

155 3543 256 3586 onm.
270 3544 335 3586 Ηια.
348 3545 380 3585 11.
401 3556 440 3586 ιο.
454 3546 555 3590 ῖευοοῑ.
926 3538 969 3586 ‘2³2
