2414 3840
498 190 659 242 -5-
1021 188 1083 252 391

73 345 188 424 αῦτοίς
214 352 392 433 κομίζεται·
424 352 462 415 τὸ
491 347 528 415 δὲ
556 353 661 435 στόμα
689 352 740 416 ὅτι
767 348 963 435 φθέγγεται·
999 349 1020 434 η
1049 346 1087 415 δὲ

72 457 216 537 κεφαλή,
245 455 295 520 ότι
324 455 385 543 ὁρᾷ
413 455 469 521 καὶ
493 455 608 522 ἀκούει
631 454 686 521 καλ
708 458 765 533 τὰς
788 458 889 532 άλλας
912 458 1086 540 αἰσθήσεις

72 562 299 642 περιλαβοῦσα
326 561 433 638 πάσας
460 564 545 646 ἐχει,Ι
571 560 614 626 δι’
640 557 688 627 ὧν
716 563 851 640 σώζεται
878 563 915 626 τὸ
938 570 1084 647 πρᾶγμα·

72 658 143 727 εἶτα
172 677 272 747 φαῖεν
298 668 382 751 πρὸς
408 669 470 751 τὴν
497 667 654 754 γαστέρα·
686 671 740 734 Σὺ
764 665 808 752 δ’,
837 663 862 733 ὦ
886 671 1025 752 χρηστή,
1053 672 1088 732 τί

71 771 202 836 τούτων
229 785 335 850 ποιεῖς
362 773 382 858 ἢ
405 778 456 851 τίς
478 774 568 840 ἐστιν
591 774 612 858 ἡ
636 776 677 858 σὴ
701 776 795 861 χάρις
817 773 897 859 ἡμῖν
920 772 975 839 καὶ
999 772 1112 858 ὠφέ-5

71 881 158 956 λεια;
188 878 272 945 ἀλλά
299 882 342 946 σύ
369 905 408 965 γε
431 893 593 948 τοσοῦτον
616 880 745 964 ἀπέχεις
767 890 829 946 τοῦ
851 881 1007 967 πράττειν
1029 878 1084 944 καὶ

71 990 329 1071 συγκατορθοῦν
355 985 436 1070 ἡμῖν
462 986 536 1071 <τι>
564 997 631 1051 τῶν
659 995 754 1071 κοινῇ
782 989 968 1072 χρησίμων,
1001 987 1084 1050 ὥστε

71 1087 128 1155 καλ
151 1089 378 1178 ἀντιπράττεις
400 1090 456 1157 καλ
479 1093 624 1177 ἐνοχλεῖς
646 1096 716 1175 καί,
744 1102 878 1179 πρᾶγμα
901 1092 1083 1178 ἀφόρητον,

24 1195 248 1279 ιδὸὑπηρετείν
272 1196 463 1281 ἀναγκάζεις
485 1195 540 1263 καὶ
563 1198 680 1282 φέρειν
703 1197 936 1282 ἁπανταχόθεν
959 1200 1006 1275 είς
1023 1200 1084 1282 τὴν

71 1281 279 1385 ἐκπλήρωσιν
302 1315 370 1369 τῶν
397 1304 756 1388 σεαυτηςέπιθυμιῶν.
794 1303 886 1389 φέρε,
909 1308 944 1369 τί
965 1305 1006 1369 οὐ
1029 1286 1126 1398 με-ἰδο

70 1409 301 1493 ταποιοόμεθα
321 1419 378 1493 τῆς
397 1409 599 1495 ἐλευθερίας,
619 1409 754 1475 καὶτῶν
769 1415 902 1475 πολλῶν
916 1408 1084 1495 ἀφιέμεθα

69 1527 313 1602 πραγματειῶν,
334 1515 373 1593 δς
386 1515 482 1582 ἕνεκα
496 1519 617 1600 ταύτης
630 1516 856 1601 ῦπομένομεν;
880 1518 912 1580 εί
925 1517 967 1599 δη
982 1525 1084 1581 ταῦτα

70 1621 200 1699 δόξειεν
228 1621 342 1699 αὐτοῖς
368 1620 424 1688 καλ
451 1619 556 1707 μηδὲν
580 1625 627 1687 ἔτι
651 1620 741 1709 δρῴη
767 1623 802 1685 τὸ
827 1619 948 1686 ἐαυτοῦ
972 1623 1082 1704 ἔργον,

71 1726 144 1793 ἔσθ’
164 1727 252 1804 ὅπως
270 1725 385 1794 ἀνέπλ
402 1729 440 1793 τὸ
459 1731 546 1793 πολὺ
561 1727 732 1812 διαρκέσαι
747 1729 911 1810 δυνηθείη
925 1727 963 1791 τὸ
978 1737 1082 1810 σῶμα,

70 1829 144 1898 ἀλλ’
173 1834 235 1898 οὐκ
266 1833 308 1899 ἀν
338 1833 431 1911 ἐντὸς
460 1835 584 1918 ὀλίγων
612 1834 817 1920 ημερῶνπῷ
845 1835 988 1920 κακίστφ
1015 1843 1084 1897 τῶν
1098 1850 1125 1892 ιο

70 1932 186 2025 μ’όρων
205 1939 405 2024 ἀναλωθείη,
425 1945 526 2028 λιμῷ;
551 1941 612 2005 οὐκ
631 1939 673 2004 δν
693 1943 761 2024 ἔχοι
780 1940 888 2015 άλλως
905 1961 955 2015 τις
968 1939 1083 2005 είπεϊν.

69 2047 131 2110 τὸν
145 2046 248 2111 αὐτὸν
265 2047 306 2129 δη
320 2048 446 2132 τρόπον
460 2045 640 2129 ὑπολάβετε
654 2043 710 2110 καλ
723 2044 799 2128 περὶ
812 2046 948 2120 πόλεως.
975 2045 1082 2109 πολλὰ
1096 2047 1118 2110 4

70 2153 135 2237 γάρ
162 2153 203 2236 δὴ
227 2153 267 2216 τά
290 2157 550 2238 συμπληροῦντα
571 2150 627 2217 καὶ
649 2153 773 2234 ταύτην
797 2154 881 2233 ἔθνη
904 2147 959 2215 καὶ
982 2147 1083 2215 οὐδὲν

71 2258 227 2340 ἀλληλοις
259 2258 402 2342 ἐοικότα,
436 2253 484 2324 ὧν
516 2258 655 2325 ἕκαστον
687 2260 777 2324 ίδίαν
804 2258 879 2323 τινά
906 2264 951 2344 τῷ
979 2265 1082 2344 κοινῷ

69 2366 185 2449 χρείαν
214 2366 323 2448 ὥσπερ
348 2365 389 2429 τά
412 2363 492 2448 με’λη
516 2373 561 2454 τῷ
585 2366 711 2448 σώματι
734 2362 918 2451 παρέχωσι.
965 2363 1001 2427 οί
1020 2361 1083 2447 μὲν
1097 2383 1125 2423 εο

69 2470 134 2552 γάρ
166 2472 245 2546 τοὺς
277 2468 401 2556 ἀγροὺς
431 2480 653 2554 γεωργοῦσιν,
687 2470 722 2534 οί
753 2466 790 2535 δέ
821 2470 981 2554 μάχονται
1008 2467 1084 2556 περὶ

70 2575 183 2640 αὐτῶν
205 2576 288 2661 πρὸς
310 2579 388 2653 τοὺς
410 2579 602 2662 πολεμίους,
634 2577 669 2641 οί
690 2574 721 2642 δ’
743 2575 982 2661 ἐμπορεύονται
1005 2580 1084 2641 πολ-

70 2682 130 2758 λάς
158 2684 214 2747 διά
235 2683 408 2766 θαλάσσης
432 2682 607 2768 ὠφελείας,
632 2683 667 2747 οί
688 2678 725 2747 δέ
747 2684 805 2758 τδις
828 2680 1009 2765 ἀναγκαίας
1032 2682 1084 2769 ἐρ-

24 2786 227 2871 ι39γάζονται
246 2786 382 2871 τέχνας.
428 2790 459 2853 εί
489 2784 527 2854 δέ
557 2788 665 2853 πάντα
692 2788 732 2852 τά
759 2788 843 2870 ἔθνη
871 2798 974 2854 ταῦτα
1001 2791 1085 2875 πρὸς

146 3021 159 3068 1
179 3013 210 3068 τὸ
230 3011 261 3068 δὲ
281 3011 369 3084 στόμα
383 3013 427 3069 ὅτι
440 3011 597 3084 φθέγγεται
610 3015 641 3068 in
653 3014 676 3066 B
696 3015 809 3068 exstant
822 3016 887 3084 post
901 3015 1008 3082 ἀκοόει,
1028 3015 1082 3072 del.

70 3082 216 3154 Kiessling
306 3087 531 3166 θπεριλαβοῦοα
549 3085 602 3138 ΑΒ
627 3087 631 3154 Ι
658 3082 718 3154 ἔσχε
737 3084 814 3139 ABb
852 3083 931 3155 ἔσχεν
949 3086 997 3139 Aa
1021 3090 1026 3154 Ι
1052 3087 1083 3140 τὸ

69 3163 187 3226 πρᾶγμα
210 3155 286 3224 quod
309 3173 359 3210 suo
384 3172 444 3210 1ure
463 3155 518 3212 def.
537 3154 641 3209 Reiske
661 3156 683 3210 Ο
720 3155 751 3210 τὸ
771 3164 849 3225 σῶμα
867 3156 913 3210 vel
932 3155 963 3210 τὸ
981 3164 1039 3211 πᾶν
1058 3173 1082 3210 ο.

71 3226 195 3296 Sylburg
267 3233 334 3282 7τι
357 3229 423 3281 ante
447 3235 502 3281 τῶν
525 3225 632 3281 inserui
649 3235 705 3281 τῶν
723 3247 751 3281 τι
768 3243 791 3280 ο.
811 3225 914 3280 Reiske
950 3225 1084 3297 πράττειν

70 3318 99 3352 τι
121 3297 170 3352 καλ
192 3296 282 3352 Cobet
305 3297 370 3352 obs.
394 3316 420 3368 p.
443 3304 493 3353 130
584 3305 599 3353 9
623 3297 864 3368 ἀναγκάζουοαΟ
887 3313 955 3350 corr.
980 3296 1083 3351 Reiske

73 3374 107 3424 14
126 3364 172 3423 ἐπὶ
192 3364 265 3437 (ἐπεὶ
282 3367 338 3438 Ba)
356 3368 388 3423 τό
406 3369 477 3424 πολὺ
495 3367 572 3423 ΔΒω
607 3364 654 3423 ἐπὶ
672 3369 742 3423 πολὺ
757 3367 804 3422 Bb
860 3373 892 3422 19
911 3375 966 3421 τῶν
981 3375 1084 3422 κοινῶν

71 3440 94 3493 Β
169 3445 202 3494 19
222 3437 250 3493 εί
266 3438 301 3508 δὴ
320 3456 344 3494 ο.
363 3438 507 3509 Kiessling
