2414 3840
121 164 188 229 330
551 166 711 218 -ἕ-

187 325 367 391 XXXXVI.
387 321 443 403 Ὡς
467 321 498 390 δ’
519 325 667 410 ἠγγέλθη
691 335 795 392 ταῦτα
817 336 887 403 τοῖς
910 325 947 391 ἐν
969 335 1010 411 τῇ
1029 330 1137 412 πόλει,

120 436 226 511 πολὺς
243 435 393 516 θόρυβος
415 429 470 497 καὶ
494 433 619 517 οίμωγὴ
643 427 686 515 ἦν
708 429 764 498 καὶ
787 434 844 498 διὰ
865 443 933 498 τῶν
954 445 1137 499 στενωπῶν

121 543 255 627 δρόμος,
273 549 335 606 τοῦ
353 536 414 623 μὲν
434 540 542 623 δήμου
555 544 747 604 καταλιπεῖν
760 540 822 623 την
835 541 935 605 πόλιν
948 555 1137 625 παρασκευ-

122 645 294 730 αζομένου,
317 656 385 710 τῶν
404 641 441 710 δδ
458 647 640 729 πατρικίων
658 645 856 731 ἀποτρέπειν
874 644 1062 724 ἀξιούντων
1081 645 1137 712 καλ

94 754 200 835 ὀβίαν
229 762 299 830 τοῖς
328 753 372 836 μη
402 749 621 836 βουλομένοις
648 749 865 838 προσφέρειν·
902 755 966 837 βοή
996 776 1033 818 τε
1060 751 1137 838 περὶ

121 859 180 935 τάς
207 859 314 934 πύλας
340 855 395 923 καὶ
422 860 527 934 πολὺς
554 857 791 942 ἀνακλαυθμὸς
818 853 861 941 ην
885 861 980 942 λόγοι
1002 881 1038 924 τε
1061 854 1134 924 κατ’

122 964 275 1048 ἀλλήλων
307 961 425 1050 ἐχθροί
456 963 512 1030 καὶ
539 967 620 1050 ἔργα
646 966 816 1048 πολεμίων
842 964 994 1048 ἐγίνοντο
1024 963 1137 1031 οὐκέτι

122 1072 353 1157 διακρίνοντος
376 1071 516 1148 οὐδενὸς
539 1071 615 1136 ούτε
637 1070 770 1154 ἡλικίαν
793 1071 871 1136 ούτε
889 1069 1039 1156 ἑταιρίαν
1059 1072 1137 1138 ούτε

85 1176 258 1256 2ἀξίωσιν
281 1177 406 1262 ἀρετῆς.
443 1176 557 1260 ἐπειδὴ
581 1171 612 1240 δ’
635 1177 670 1240 οῖ
689 1174 867 1262 ταχθέντες
889 1176 954 1241 ὑπὸ
977 1185 1037 1260 τῆς
1056 1180 1194 1261 βου-1144

82 1300 109 1340 10
122 1289 181 1366 λης
208 1293 371 1367 φρουρεῖν
398 1283 456 1358 τὰς
483 1280 632 1360 ἐξόδους·
668 1278 754 1366 ἦσαν
781 1284 845 1368 γάρ
873 1283 915 1366 δη
944 1282 1055 1366 ὀλίγοι
1082 1281 1137 1348 καὶ

122 1388 184 1472 οὐχ
208 1386 318 1452 ἱκανοὶ
341 1389 390 1453 ἔτι
412 1386 573 1474 ἀντέχειν·
607 1387 840 1472 ἐκβιασθέντες
861 1389 927 1454 ύπδ
945 1398 1007 1454 τοῦ
1027 1390 1136 1474 δήμου

121 1492 298 1559 κατέλιπον
319 1495 381 1578 την
404 1497 573 1579 φυλακήν,
599 1497 673 1559 τότε
695 1496 759 1578 ἤδη
783 1496 820 1559 τὸ
845 1495 1026 1578 δημοτικὸν
1050 1499 1136 1561 πολὺ

123 1599 277 1686 ἐξεχεῖτο,
308 1599 434 1666 καὶπὸ
465 1601 575 1678 πάθος
606 1595 649 1683 ην
678 1599 801 1665 ἁλώσει
829 1603 957 1678 πόλεως
984 1600 1135 1688 ἐμφερές,

123 1708 250 1791 οίμωγη
272 1730 307 1771 τε
330 1716 397 1772 τῶν
420 1706 658 1791 ὑπομενόντων
680 1704 737 1771 καλ
759 1707 963 1791 κατάμεμψις
981 1706 1135 1791 ἀλλήλων

82 1830 108 1871 15
122 1812 249 1896 ἐγίνετο
273 1809 505 1898 ἐρημουμένην
526 1813 588 1904 την
610 1815 710 1878 πόλιν
733 1812 900 1898 ὁρώντων.
936 1815 1019 1898 μετὰ
1036 1823 1134 1878 τοῦτο

122 1921 246 2003 βουλαί
264 1941 300 1984 τε
322 1916 443 2004 συχναὶ
464 1917 520 1983 καὶ
542 1921 738 2004 κατηγορίαι
759 1929 827 1984 τῶν
845 1920 961 1985 αίτίων
979 1928 1039 2003 τῆς
1058 1919 1145 2016 ἀπο-Ι

51 2043 56 2053 '
122 2025 269 2103 στάσεως
282 2024 442 2108 ἐγίνοντο.
480 2023 518 2089 ἐν
537 2021 575 2089 δὲ
588 2032 633 2112 τρῖ
649 2025 738 2112 αὐτῷ
753 2033 857 2112 καιρῷ
873 2022 928 2090 καὶ
941 2024 983 2089 τδι
996 2025 1135 2110 πολέμια

123 2133 207 2215 ἔθνη
236 2129 428 2197 ἐπετίθεντο
456 2130 571 2208 αὐτοῖς
596 2132 851 2216 προνομεύοντα
877 2131 940 2214 την
966 2138 1033 2215 γην
1062 2133 1135 2216 ἀχρι

122 2246 181 2321 της
204 2239 340 2315 πόλεως.
382 2237 418 2301 ολ
437 2233 552 2320 μέντοι
576 2235 756 2302 ἀποστάται
778 2238 838 2302 τὸν
862 2237 1047 2321 ἀναγκαῖον
1070 2237 1135 2303 ἐπι-

84 2345 276 2428 νοσιτισμδν
300 2343 336 2409 ἐκ
357 2353 425 2408 τῶν
442 2345 585 2426 πλησίον
608 2342 721 2428 ἀγρῶν
740 2345 976 2428 λαμβάνοντες,
1000 2345 1084 2409 ἀλλο
1103 2340 1131 2408 δ’

124 2445 226 2515 οὐδὲν
243 2449 305 2532 την
322 2449 435 2534 χώραν
453 2457 728 2533 κακουργοῦντες,
748 2452 868 2534 ἔμενον
888 2449 1066 2535 ὑπαίθριοι
1084 2446 1135 2515 καὶ

123 2557 202 2633 τοὺς
229 2557 429 2639 προσιόντας
456 2553 492 2619 ἐκ
517 2563 574 2637 της
596 2557 723 2632 πόλεως
746 2552 801 2620 καί
823 2566 891 2620 τῶν
913 2554 1007 2641 πέριξ
1033 2580 1136 2643 φρου-

89 2662 208 2746 3ρίων
235 2661 470 2744 ὑπελάμβανον
498 2663 644 2745 συχνοὺς
669 2662 734 2745 ἤδη
757 2659 963 2745 γινομένους.
1010 2663 1053 2728 ού
1075 2664 1136 2746 γὰρ

124 2768 230 2851 μόνον
258 2766 293 2830 οί
312 2767 353 2830 τδι
375 2764 455 2850 χρέα
478 2763 614 2842 καὶτὰς
636 2768 814 2844 καταδίκας
835 2764 890 2832 καὶ
912 2769 971 2846 τάς
993 2770 1137 2854 προσδο-

83 2891 111 2932 νε
124 2870 275 2956 κωμένας
299 2871 445 2955 ἀνάγκας
467 2874 647 2957 διαφυγεῖν
669 2875 930 2959 προαιρούμενοι
953 2872 1137 2960 συνέρρεον

195 3087 211 3136 6
231 3079 435 3150 ἀνακλαυθμὸς
448 3079 537 3135 Cobet
551 3079 617 3137 obs.
632 3099 659 3150 p.
676 3087 725 3136 121
747 3081 850 3151 Sylbur
872 3082 897 3138 ὀ
915 3085 1049 3140 monente
1068 3084 1138 3139 ἀνα·

124 3151 304 3222 κλαυσμδςΟ
396 3157 429 3205 10
448 3152 535 3206 verba
559 3144 633 3219 ἦσαν
656 3168 744 3220 usque
769 3153 806 3206 ad
829 3155 847 3208 δ
867 3173 920 3224 μου
940 3153 1005 3211 εδδ.
1024 3155 1056 3210 in
1073 3170 1137 3226 ωηο

123 3223 170 3278 Bb
190 3222 370 3294 superscript.
389 3223 520 3291 κείμενον
603 3228 635 3277 12
654 3219 716 3277 τότε
735 3223 770 3292 δὴ
790 3240 813 3278 ο.
832 3223 933 3279 Portus
1012 3232 1046 3281 18
1066 3223 1137 3293 ἔθνη
1171 3280 1174 3284 ,

124 3295 189 3352 add,
208 3295 231 3349 B
248 3299 252 3367 Ι
269 3289 415 3350 ἐπετίθετο
435 3309 458 3347 ο.
476 3289 621 3361 Kiessling
680 3299 713 3349 19
732 3302 788 3349 τῶν
806 3295 971 3366 ἀναγκαίων
989 3295 1037 3350 Ba
1052 3300 1057 3368 Ι
1073 3297 1139 3367 ἀγο-

125 3420 225 3487 ρῶνΑ
261 3415 423 3490 ἀγ.ρῶνΒ
496 3413 702 3485 24μόν..Βο
738 3385 885 3488 μόνάίΒλ)

59 3558 92 3616 Ι
