2414 3840
130 212 175 278 34
558 218 721 267 -Δ-

131 375 290 463 δευτέραν
320 381 423 442 είκοσι
451 374 506 441 καλ
535 376 596 442 δύο
625 378 689 441 σὺν
716 386 786 454 τοῖς
812 375 1049 462 χειροτέχναις·
1084 380 1152 464 τήν

131 480 169 549 δὲ
196 485 311 569 τρίτην
339 489 457 549 είκοσι·
493 483 555 566 τήν
584 480 621 548 δὲ
648 484 809 569 τετάρτην
836 484 937 549 πάλιν
964 489 1069 550 είκοσι
1092 485 1150 552 καὶ

132 591 194 655 δύο
233 592 297 655 σὺν
331 599 400 666 τοῖς
433 594 627 666 σαλπισταῖς
658 587 714 654 καλ
746 593 973 673 βυκανισταῖς·
1013 592 1076 675 τὴν
1111 589 1150 659 δὲ

130 695 281 781 πέμπτην
303 695 492 782 τριάκοντα·
520 697 584 779 τὴν
608 690 638 760 δ’
665 694 719 762 ἐπὶ
741 696 862 774 πάσαις
879 696 1081 783 τεταγμένην
1101 691 1150 778 εἷς

106 805 227 886 ελόχος
250 801 268 867 ὁ
291 811 359 867 τῶν
383 801 527 889 άπόρωυ.

196 925 337 992 XVIIII.
364 928 474 1012 Ταύτη
493 935 533 1012 τῇ
553 928 769 1011 διακοσμήσει
786 928 993 1013 χρησάμενος
1010 930 1070 1006 τάς
1085 926 1150 1014 μὲν

129 1043 196 1099 τῶν
220 1044 429 1118 στρατιωτῶν
452 1034 667 1119 καταγραφὰς
688 1034 770 1098 κατά
792 1034 854 1117 τήν
873 1035 1039 1120 διαίρεσιν
1057 1034 1149 1102 ἐποι-

130 1150 197 1206 εῖτο
225 1141 286 1224 τήν
313 1151 381 1205 τῶν
409 1143 532 1225 λόχων,
560 1142 619 1218 τάς
647 1137 684 1204 δὲ
706 1149 773 1205 τῶν
797 1141 967 1227 εἰσφορῶν
989 1141 1148 1226 ἐπιταγάς

129 1248 211 1311 κατά
233 1248 274 1311 τά
296 1249 459 1331 τιμήματα
482 1258 550 1312 τῶν
573 1249 666 1330 βίων.
704 1247 801 1312 ὁπότε
820 1248 883 1332 γάρ
903 1247 991 1335 αὐτῷ
1012 1249 1197 1333 δεήσειεόῖε

94 1381 121 1421 το
131 1355 260 1438 μυρίων
283 1351 304 1436 ή
329 1354 526 1438 δισμυρίων,
551 1355 582 1418 εί
602 1354 708 1437 τύχοι,
732 1362 952 1438 στρατιωτῶν,
976 1357 1149 1422 καταδιαι-

131 1468 200 1543 ρῶν
218 1459 256 1522 τὸ
274 1463 405 1541 πλῆθος
423 1461 471 1536 είς
488 1461 567 1537 τοὺς
586 1458 704 1525 έκατὸν
721 1457 1010 1546 ἐνενηκοντατρεῖς
1024 1464 1149 1546 λόχους

129 1567 167 1630 τὸ
204 1565 383 1648 ἐπιβάλλον
411 1563 534 1653 ἑκάστω
562 1569 649 1653 λόχῳ
677 1570 806 1649 πλῆθος
833 1564 962 1631 ἐκέλευε
988 1566 1149 1655 παρέχειν

130 1671 270 1738 ἕκαστον
297 1674 412 1757 λόχον·
453 1673 514 1756 τὴν
539 1668 576 1738 δὲ
599 1673 751 1756 δαπάνην
773 1672 835 1755 τήν
858 1675 905 1749 είς
926 1675 986 1738 τὸν
1009 1673 1148 1741 ἐπισιτι-

131 1781 216 1864 σμὸν
243 1789 310 1844 τῶν
338 1777 609 1864 στρατευομένων
635 1778 690 1844 καλ
714 1781 761 1856 είς
783 1781 841 1856 τάς
864 1781 965 1856 άλλας
987 1785 1150 1865 χορηγίας

95 1912 121 1952 15
130 1887 188 1962 τὰς
223 1887 402 1968 πολεμικάς
438 1884 782 1970 ἐπιτελεσθησομένην
819 1887 1150 1973 συμμετρησάμενος,

132 1991 236 2074 ὁπόση
260 1991 315 2068 ’τις
342 1991 490 2077 άρκοῦσα
514 1994 619 2074 ἔσται,
649 1993 788 2075 διαιρῶν
811 1992 871 2056 τὸν
894 1992 996 2059 αὐτὸν
1018 1997 1150 2080 τρόπον

131 2100 178 2174 είς
208 2100 287 2175 τοὺς
320 2095 436 2162 ἑκατὸν
470 2096 758 2182 ἐνενηκοντατρεῖς
789 2102 923 2183 λόχους,
955 2101 993 2164 τὸ
1024 2099 1060 2165 έκ
1088 2111 1151 2186 τῆς

130 2208 292 2291 τιμήσεως
311 2204 490 2290 ἐπιβάλλον
509 2203 633 2292 ἑκάστω
653 2205 819 2289 διάφορον
833 2207 979 2284 ἅπαντας
994 2205 1149 2275 ἐκέλευεν

95 2311 307 2400 λείσφέρειν.
345 2311 543 2396 συνέβαινεν
572 2306 635 2377 οὖν
657 2322 727 2388 τοῖς
749 2313 807 2388 τάς
830 2316 985 2396 μεγίστας
1008 2316 1149 2399 ἔχουσιν

93 2446 120 2485 εο
131 2419 246 2496 οὐσίας
278 2419 429 2485 ἐλάττοσι
460 2416 521 2504 μὲν
553 2413 665 2502 οὖσιν,
698 2420 745 2495 είς
776 2422 932 2496 πλείονας
959 2414 997 2484 δὲ
1024 2424 1149 2506 λόχους

130 2525 392 2610 μεμερισμένοις,
415 2527 659 2611 στρατεύεσθαί
678 2546 713 2589 τε
735 2527 870 2602 πλείους
892 2529 1065 2612 στρατείας
1089 2528 1148 2594 οὐ-

131 2628 248 2695 δέποτε
272 2629 546 2715 ἀναπαυομένους
568 2627 624 2694 καὶ
646 2632 795 2716 χρήματα
818 2633 919 2697 πλείω
942 2641 1010 2696 τῶν
1034 2634 1148 2701 άλλων

130 2734 312 2821 εἰσφέρειν·
349 2747 419 2813 τοῖς
452 2733 489 2801 δὲ
520 2738 561 2800 τά
587 2734 702 2822 μέτρια
729 2734 784 2801 καλ
811 2739 911 2822 ’μικρά
933 2737 1150 2823 κεκτημένοις

130 2845 281 2908 πλείοσιν
313 2836 411 2908 οὖσιν
439 2841 475 2908 ἐν
503 2842 654 2908 ἐλάττοσι
683 2845 808 2927 λόχοις,
842 2847 1086 2930 στρατεύεσθαί
1110 2844 1142 2910 τ’

94 2970 121 3012 εε
131 2949 278 3033 ὀλιγάκις
304 2946 360 3014 καὶ
387 2948 423 3016 έκ
447 2951 603 3035 διαδοχῆς
625 2947 680 3014 καλ
698 2932 859 3035 Ιβραχείας
882 2957 1054 3017 συντελεῖν
1078 2957 1110 3018 εί
1131 2995 1148 3004 -

204 3184 236 3232 12
255 3177 286 3232 τὸ
306 3176 337 3233 δὲ
356 3177 409 3233 ΑΒ
434 3182 438 3248 Ι
464 3171 570 3252 ἑκάστῳ
595 3176 666 3251 λόγῳ
688 3181 798 3249 πλῆθος
821 3179 874 3235 del.
899 3177 1037 3234 Bficheler
1111 3188 1146 3237 18

132 3245 323 3306 ἒκὲλενσενΟ
371 3246 498 3305 έκέλευέν
524 3268 546 3305 ο.
569 3248 714 3318 Kiessling
817 3257 851 3305 λλ
875 3249 1098 3322 ἀναπαυομένας
1120 3254 1147 3307 Α

166 3345 200 3393 24
219 3340 325 3393 είκοσιν
350 3336 428 3394 οὖσαν
452 3335 576 3393 έλάττοσι
600 3323 725 3394 έλάττοσι
748 3337 880 3410 λόχοιςΒ
916 3341 1041 3394 πλείοσιν
1064 3338 1146 3396 οὖσιν

130 3406 267 3535 ἐλάττοσιὶ
275 3409 382 3535 λόχοιςΒ
384 3411 409 3464 Α
445 3413 570 3465 πλείοσιν
590 3408 677 3478 οὖσιν,
697 3406 728 3465 έν
748 3407 873 3465 ε’λάττοσι
887 3409 918 3466 δέ
933 3409 1025 3480 λόχοις
1038 3412 1146 3467 Reiske

67 3528 71 3536 .
164 3490 199 3537 25
219 3503 256 3536 κα
286 3499 339 3538 om.
