<?xml version="1.0" encoding="UTF-8"?>
<!DOCTYPE html PUBLIC "-//W3C//DTD XHTML 1.0 Transitional//EN"
    "http://www.w3.org/TR/xhtml1/DTD/xhtml1-transitional.dtd">
<html xmlns="http://www.w3.org/1999/xhtml" xml:lang="en" lang="en">
 <head>
  <title>
</title>
<meta http-equiv="Content-Type" content="text/html;charset=utf-8" />
  <meta name='ocr-system' content='tesseract 3.04.00' />
  <meta name='ocr-capabilities' content='ocr_page ocr_carea ocr_par ocr_line ocrx_word'/>
</head>
<body>
  <div class='ocr_page' id='page_1' title='image "./dionysihalicarn02diongoog_0008.png"; bbox 0 0 2414 3840; ppageno 0'>
   <div class='ocr_carea' id='block_1_1' title="bbox 409 890 728 964">
    <p class='ocr_par' dir='ltr' id='par_1_1' title="bbox 409 890 728 964">
     <span class='ocr_line' id='line_1_1' title="bbox 409 890 728 964; baseline -0.006 0"><span class='ocrx_word' id='word_1_1' title='bbox 409 890 728 964; x_wconf 80' lang='lat' dir='ltr'><strong>PRAEFATIO.</strong></span> 
     </span>
    </p>
   </div>
   <div class='ocr_carea' id='block_1_2' title="bbox 58 1140 1113 3465">
    <p class='ocr_par' dir='ltr' id='par_1_2' title="bbox 58 1140 1113 2914">
     <span class='ocr_line' id='line_1_2' title="bbox 126 1140 1076 1246; baseline 0 -26"><span class='ocrx_word' id='word_1_2' title='bbox 126 1156 223 1220; x_wconf 90' lang='lat' dir='ltr'>Nunc</span> <span class='ocrx_word' id='word_1_3' title='bbox 247 1156 377 1243; x_wconf 87' lang='lat' dir='ltr'>demum</span> <span class='ocrx_word' id='word_1_4' title='bbox 395 1140 509 1246; x_wconf 45' lang='lat' dir='ltr'>&#39;tomus</span> <span class='ocrx_word' id='word_1_5' title='bbox 530 1155 613 1219; x_wconf 89' lang='lat' dir='ltr'>alter</span> <span class='ocrx_word' id='word_1_6' title='bbox 632 1154 729 1218; x_wconf 89' lang='lat' dir='ltr'>huius</span> <span class='ocrx_word' id='word_1_7' title='bbox 748 1153 899 1218; x_wconf 72' lang='lat' dir='ltr'><strong>editionis</strong></span> <span class='ocrx_word' id='word_1_8' title='bbox 919 1155 954 1218; x_wconf 92' lang='lat' dir='ltr'>in</span> <span class='ocrx_word' id='word_1_9' title='bbox 971 1155 1076 1220; x_wconf 90' lang='lat' dir='ltr'>lucem</span> 
     </span>
     <span class='ocr_line' id='line_1_3' title="bbox 58 1252 1077 1347; baseline -0.001 -21"><span class='ocrx_word' id='word_1_10' title='bbox 58 1262 184 1347; x_wconf 89' lang='lat' dir='ltr'>prodit,</span> <span class='ocrx_word' id='word_1_11' title='bbox 213 1252 309 1344; x_wconf 82' lang='lat' dir='ltr'>quem</span> <span class='ocrx_word' id='word_1_12' title='bbox 329 1260 511 1345; x_wconf 84' lang='lat' dir='ltr'><strong>quominus</strong></span> <span class='ocrx_word' id='word_1_13' title='bbox 539 1261 631 1344; x_wconf 86' lang='lat' dir='ltr'>prius</span> <span class='ocrx_word' id='word_1_14' title='bbox 655 1260 781 1325; x_wconf 86' lang='lat' dir='ltr'>ederem</span> <span class='ocrx_word' id='word_1_15' title='bbox 805 1261 901 1325; x_wconf 89' lang='lat' dir='ltr'>rebus</span> <span class='ocrx_word' id='word_1_16' title='bbox 926 1261 1077 1347; x_wconf 82' lang='lat' dir='ltr'>gravissi·</span> 
     </span>
     <span class='ocr_line' id='line_1_4' title="bbox 62 1365 1076 1452; baseline 0 -20"><span class='ocrx_word' id='word_1_17' title='bbox 62 1370 122 1432; x_wconf 89' lang='lat' dir='ltr'>mis</span> <span class='ocrx_word' id='word_1_18' title='bbox 151 1382 279 1451; x_wconf 77' lang='lat' dir='ltr'>magno·</span> <span class='ocrx_word' id='word_1_19' title='bbox 300 1385 373 1430; x_wconf 89' lang='lat' dir='ltr'>cum</span> <span class='ocrx_word' id='word_1_20' title='bbox 401 1388 472 1430; x_wconf 90' lang='lat' dir='ltr'>meo</span> <span class='ocrx_word' id='word_1_21' title='bbox 502 1366 613 1431; x_wconf 87' lang='lat' dir='ltr'>dolore</span> <span class='ocrx_word' id='word_1_22' title='bbox 638 1366 812 1450; x_wconf 87' lang='lat' dir='ltr'>impeditus</span> <span class='ocrx_word' id='word_1_23' title='bbox 836 1389 916 1437; x_wconf 88' lang='lat' dir='ltr'>sum.</span> <span class='ocrx_word' id='word_1_24' title='bbox 962 1365 1076 1452; x_wconf 83' lang='lat' dir='ltr'>Neque</span> 
     </span>
     <span class='ocr_line' id='line_1_5' title="bbox 61 1471 1077 1557; baseline 0.001 -20"><span class='ocrx_word' id='word_1_25' title='bbox 61 1496 137 1538; x_wconf 81' lang='lat' dir='ltr'>vero</span> <span class='ocrx_word' id='word_1_26' title='bbox 163 1474 268 1537; x_wconf 89' lang='lat' dir='ltr'>multa</span> <span class='ocrx_word' id='word_1_27' title='bbox 292 1473 332 1536; x_wconf 90' lang='lat' dir='ltr'>ad</span> <span class='ocrx_word' id='word_1_28' title='bbox 356 1494 403 1554; x_wconf 87' lang='lat' dir='ltr'>ea,</span> <span class='ocrx_word' id='word_1_29' title='bbox 428 1493 510 1557; x_wconf 92' lang='lat' dir='ltr'>quae</span> <span class='ocrx_word' id='word_1_30' title='bbox 533 1472 568 1535; x_wconf 90' lang='lat' dir='ltr'>in</span> <span class='ocrx_word' id='word_1_31' title='bbox 591 1471 790 1555; x_wconf 83' lang='lat' dir='ltr'>praefatione</span> <span class='ocrx_word' id='word_1_32' title='bbox 809 1473 891 1537; x_wconf 90' lang='lat' dir='ltr'>tomi</span> <span class='ocrx_word' id='word_1_33' title='bbox 908 1473 1008 1557; x_wconf 91' lang='lat' dir='ltr'>primi</span> <span class='ocrx_word' id='word_1_34' title='bbox 1026 1496 1077 1538; x_wconf 85' lang='lat' dir='ltr'>ex·</span> 
     </span>
     <span class='ocr_line' id='line_1_6' title="bbox 66 1578 1076 1664; baseline 0.002 -22"><span class='ocrx_word' id='word_1_35' title='bbox 66 1584 163 1661; x_wconf 87' lang='lat' dir='ltr'>stant,</span> <span class='ocrx_word' id='word_1_36' title='bbox 183 1579 327 1642; x_wconf 88' lang='lat' dir='ltr'>addenda</span> <span class='ocrx_word' id='word_1_37' title='bbox 341 1578 489 1642; x_wconf 88' lang='lat' dir='ltr'>videntur</span> <span class='ocrx_word' id='word_1_38' title='bbox 505 1598 584 1661; x_wconf 87' lang='lat' dir='ltr'>esse,</span> <span class='ocrx_word' id='word_1_39' title='bbox 599 1583 825 1662; x_wconf 80' lang='lat' dir='ltr'>praeterquam</span> <span class='ocrx_word' id='word_1_40' title='bbox 841 1580 926 1662; x_wconf 91' lang='lat' dir='ltr'>quod</span> <span class='ocrx_word' id='word_1_41' title='bbox 940 1579 1076 1664; x_wconf 76' lang='lat' dir='ltr'>Marius,</span> 
     </span>
     <span class='ocr_line' id='line_1_7' title="bbox 64 1683 1076 1768; baseline 0.001 -20"><span class='ocrx_word' id='word_1_42' title='bbox 64 1685 112 1748; x_wconf 87' lang='lat' dir='ltr'>vir</span> <span class='ocrx_word' id='word_1_43' title='bbox 143 1684 350 1749; x_wconf 88' lang='lat' dir='ltr'>doctissimus</span> <span class='ocrx_word' id='word_1_44' title='bbox 383 1687 416 1748; x_wconf 92' lang='lat' dir='ltr'>et</span> <span class='ocrx_word' id='word_1_45' title='bbox 447 1683 594 1748; x_wconf 89' lang='lat' dir='ltr'>codicum</span> <span class='ocrx_word' id='word_1_46' title='bbox 625 1683 890 1748; x_wconf 85' lang='lat' dir='ltr'>conferendorum</span> <span class='ocrx_word' id='word_1_47' title='bbox 918 1686 1076 1768; x_wconf 84' lang='lat' dir='ltr'>peritissi-</span> 
     </span>
     <span class='ocr_line' id='line_1_8' title="bbox 67 1789 1078 1875; baseline 0.004 -22"><span class='ocrx_word' id='word_1_48' title='bbox 67 1812 146 1873; x_wconf 74' lang='lat' dir='ltr'>muS,</span> <span class='ocrx_word' id='word_1_49' title='bbox 170 1790 416 1875; x_wconf 84' lang='lat' dir='ltr'>diligentissime</span> <span class='ocrx_word' id='word_1_50' title='bbox 442 1793 540 1874; x_wconf 92' lang='lat' dir='ltr'>atque</span> <span class='ocrx_word' id='word_1_51' title='bbox 561 1789 801 1854; x_wconf 75' lang='lat' dir='ltr'>accuratissime</span> <span class='ocrx_word' id='word_1_52' title='bbox 821 1790 964 1856; x_wconf 82' lang='lat' dir='ltr'>codicem</span> <span class='ocrx_word' id='word_1_53' title='bbox 983 1790 1078 1857; x_wconf 91' lang='lat' dir='ltr'>Urbi-</span> 
     </span>
     <span class='ocr_line' id='line_1_9' title="bbox 66 1893 1077 1982; baseline 0.005 -24"><span class='ocrx_word' id='word_1_54' title='bbox 66 1900 171 1959; x_wconf 86' lang='lat' dir='ltr'>natem</span> <span class='ocrx_word' id='word_1_55' title='bbox 206 1894 247 1981; x_wconf 90' lang='lat' dir='ltr'>(B</span> <span class='ocrx_word' id='word_1_56' title='bbox 273 1893 351 1981; x_wconf 88' lang='lat'>105)</span> <span class='ocrx_word' id='word_1_57' title='bbox 388 1918 460 1960; x_wconf 91' lang='lat' dir='ltr'>meo</span> <span class='ocrx_word' id='word_1_58' title='bbox 495 1899 627 1980; x_wconf 89' lang='lat' dir='ltr'>sumptu</span> <span class='ocrx_word' id='word_1_59' title='bbox 660 1896 763 1961; x_wconf 92' lang='lat' dir='ltr'>denuo</span> <span class='ocrx_word' id='word_1_60' title='bbox 796 1899 948 1982; x_wconf 86' lang='lat' dir='ltr'>contulit,</span> <span class='ocrx_word' id='word_1_61' title='bbox 985 1899 1077 1964; x_wconf 90' lang='lat' dir='ltr'>euius</span> 
     </span>
     <span class='ocr_line' id='line_1_10' title="bbox 67 2001 1076 2088; baseline 0.002 -24"><span class='ocrx_word' id='word_1_62' title='bbox 67 2001 271 2065; x_wconf 84' lang='lat' dir='ltr'>diversitates</span> <span class='ocrx_word' id='word_1_63' title='bbox 294 2023 359 2065; x_wconf 93' lang='lat' dir='ltr'>non</span> <span class='ocrx_word' id='word_1_64' title='bbox 383 2023 495 2067; x_wconf 92' lang='lat' dir='ltr'>omnes</span> <span class='ocrx_word' id='word_1_65' title='bbox 518 2002 592 2066; x_wconf 86' lang='lat' dir='ltr'>illas</span> <span class='ocrx_word' id='word_1_66' title='bbox 616 2002 755 2087; x_wconf 90' lang='lat' dir='ltr'>quidem,</span> <span class='ocrx_word' id='word_1_67' title='bbox 779 2004 834 2068; x_wconf 92' lang='lat' dir='ltr'>sed</span> <span class='ocrx_word' id='word_1_68' title='bbox 858 2026 939 2088; x_wconf 92' lang='lat' dir='ltr'>quae</span> <span class='ocrx_word' id='word_1_69' title='bbox 960 2007 1076 2069; x_wconf 90' lang='lat' dir='ltr'>notatu</span> 
     </span>
     <span class='ocr_line' id='line_1_11' title="bbox 67 2108 1076 2192; baseline 0.002 -22"><span class='ocrx_word' id='word_1_70' title='bbox 67 2108 247 2171; x_wconf 88' lang='lat' dir='ltr'>viderentur</span> <span class='ocrx_word' id='word_1_71' title='bbox 269 2128 339 2171; x_wconf 88' lang='lat' dir='ltr'>esse</span> <span class='ocrx_word' id='word_1_72' title='bbox 358 2108 525 2192; x_wconf 80' lang='lat' dir='ltr'>digniores</span> <span class='ocrx_word' id='word_1_73' title='bbox 543 2108 577 2172; x_wconf 92' lang='lat' dir='ltr'>in</span> <span class='ocrx_word' id='word_1_74' title='bbox 597 2108 863 2172; x_wconf 86' lang='lat' dir='ltr'>adnotationibus</span> <span class='ocrx_word' id='word_1_75' title='bbox 883 2129 1076 2172; x_wconf 89' lang='lat' dir='ltr'>commemo·</span> 
     </span>
     <span class='ocr_line' id='line_1_12' title="bbox 66 2212 1076 2297; baseline 0.002 -22"><span class='ocrx_word' id='word_1_76' title='bbox 66 2214 140 2277; x_wconf 87' lang='lat' dir='ltr'>ravi.</span> <span class='ocrx_word' id='word_1_77' title='bbox 195 2212 282 2289; x_wconf 78' lang='lat' dir='ltr'>Ques</span> <span class='ocrx_word' id='word_1_78' title='bbox 321 2213 448 2297; x_wconf 89' lang='lat' dir='ltr'>quidem</span> <span class='ocrx_word' id='word_1_79' title='bbox 487 2235 557 2278; x_wconf 89' lang='lat' dir='ltr'>esse</span> <span class='ocrx_word' id='word_1_80' title='bbox 594 2214 761 2279; x_wconf 88' lang='lat' dir='ltr'>uberiores</span> <span class='ocrx_word' id='word_1_81' title='bbox 799 2234 897 2295; x_wconf 86' lang='lat' dir='ltr'>quam</span> <span class='ocrx_word' id='word_1_82' title='bbox 933 2213 968 2276; x_wconf 91' lang='lat' dir='ltr'>in</span> <span class='ocrx_word' id='word_1_83' title='bbox 1005 2213 1076 2277; x_wconf 91' lang='lat' dir='ltr'>aliis</span> 
     </span>
     <span class='ocr_line' id='line_1_13' title="bbox 67 2317 1076 2410; baseline 0.004 -29"><span class='ocrx_word' id='word_1_84' title='bbox 67 2317 226 2384; x_wconf 82' lang='lat' dir='ltr'>Teubneri</span> <span class='ocrx_word' id='word_1_85' title='bbox 249 2318 447 2384; x_wconf 89' lang='lat' dir='ltr'>editionibus</span> <span class='ocrx_word' id='word_1_86' title='bbox 473 2320 634 2384; x_wconf 90' lang='lat' dir='ltr'>neminem</span> <span class='ocrx_word' id='word_1_87' title='bbox 659 2340 753 2403; x_wconf 88' lang='lat' dir='ltr'>spero</span> <span class='ocrx_word' id='word_1_88' title='bbox 778 2319 912 2383; x_wconf 88' lang='lat' dir='ltr'>moleste</span> <span class='ocrx_word' id='word_1_89' title='bbox 931 2319 1076 2410; x_wconf 89' lang='lat' dir='ltr'>laturum</span> 
     </span>
     <span class='ocr_line' id='line_1_14' title="bbox 68 2424 1077 2508; baseline 0.005 -21"><span class='ocrx_word' id='word_1_90' title='bbox 68 2445 140 2490; x_wconf 89' lang='lat' dir='ltr'>esse.</span> <span class='ocrx_word' id='word_1_91' title='bbox 164 2462 208 2470; x_wconf 91' lang='lat'>-</span> <span class='ocrx_word' id='word_1_92' title='bbox 232 2424 271 2489; x_wconf 93' lang='lat' dir='ltr'>In</span> <span class='ocrx_word' id='word_1_93' title='bbox 296 2425 557 2508; x_wconf 90' lang='lat' dir='ltr'>interpunctione</span> <span class='ocrx_word' id='word_1_94' title='bbox 586 2425 811 2490; x_wconf 88' lang='lat' dir='ltr'>constituenda</span> <span class='ocrx_word' id='word_1_95' title='bbox 839 2425 1014 2492; x_wconf 86' lang='lat' dir='ltr'>aReiskio</span> <span class='ocrx_word' id='word_1_96' title='bbox 1044 2432 1077 2492; x_wconf 89' lang='lat' dir='ltr'>et</span> 
     </span>
     <span class='ocr_line' id='line_1_15' title="bbox 68 2529 1113 2617; baseline 0.004 -23"><span class='ocrx_word' id='word_1_97' title='bbox 68 2529 272 2616; x_wconf 83' lang='lat' dir='ltr'>Kiesslingio,</span> <span class='ocrx_word' id='word_1_98' title='bbox 295 2552 432 2614; x_wconf 91' lang='lat' dir='ltr'>quorum</span> <span class='ocrx_word' id='word_1_99' title='bbox 452 2531 565 2596; x_wconf 91' lang='lat' dir='ltr'>modus</span> <span class='ocrx_word' id='word_1_100' title='bbox 585 2531 836 2617; x_wconf 86' lang='lat' dir='ltr'>interpungendi</span> <span class='ocrx_word' id='word_1_101' title='bbox 855 2533 975 2598; x_wconf 91' lang='lat' dir='ltr'>rationi</span> <span class='ocrx_word' id='word_1_102' title='bbox 994 2535 1076 2599; x_wconf 90' lang='lat' dir='ltr'>mul·</span> <span class='ocrx_word' id='word_1_103' title='bbox 1107 2530 1113 2541; x_wconf 86' lang='grc'><strong>’</strong></span> 
     </span>
     <span class='ocr_line' id='line_1_16' title="bbox 67 2637 1074 2722; baseline 0.007 -24"><span class='ocrx_word' id='word_1_104' title='bbox 67 2637 104 2700; x_wconf 85' lang='lat' dir='ltr'>tis</span> <span class='ocrx_word' id='word_1_105' title='bbox 137 2638 219 2702; x_wconf 87' lang='lat' dir='ltr'>locis</span> <span class='ocrx_word' id='word_1_106' title='bbox 256 2656 437 2722; x_wconf 80' lang='lat' dir='ltr'>repugnare</span> <span class='ocrx_word' id='word_1_107' title='bbox 472 2637 649 2721; x_wconf 82' lang='lat' dir='ltr'>videretur,</span> <span class='ocrx_word' id='word_1_108' title='bbox 689 2638 872 2722; x_wconf 89' lang='lat' dir='ltr'>discrepare</span> <span class='ocrx_word' id='word_1_109' title='bbox 904 2639 1074 2705; x_wconf 86' lang='lat' dir='ltr'>consilium</span> 
     </span>
     <span class='ocr_line' id='line_1_17' title="bbox 68 2743 1074 2828; baseline 0.004 -22"><span class='ocrx_word' id='word_1_110' title='bbox 68 2763 170 2808; x_wconf 89' lang='lat' dir='ltr'>meum</span> <span class='ocrx_word' id='word_1_111' title='bbox 194 2743 271 2827; x_wconf 83' lang='lat' dir='ltr'>fuit,</span> <span class='ocrx_word' id='word_1_112' title='bbox 293 2764 398 2826; x_wconf 88' lang='lat' dir='ltr'>neque</span> <span class='ocrx_word' id='word_1_113' title='bbox 422 2743 549 2807; x_wconf 89' lang='lat' dir='ltr'>hiatum</span> <span class='ocrx_word' id='word_1_114' title='bbox 573 2744 701 2827; x_wconf 88' lang='lat' dir='ltr'>saepius</span> <span class='ocrx_word' id='word_1_115' title='bbox 726 2766 823 2828; x_wconf 88' lang='lat' dir='ltr'>quam</span> <span class='ocrx_word' id='word_1_116' title='bbox 847 2749 941 2809; x_wconf 87' lang='lat' dir='ltr'>antea</span> <span class='ocrx_word' id='word_1_117' title='bbox 959 2746 1074 2810; x_wconf 91' lang='lat' dir='ltr'>tollere</span> 
     </span>
     <span class='ocr_line' id='line_1_18' title="bbox 70 2847 219 2914; baseline 0.007 -3"><span class='ocrx_word' id='word_1_118' title='bbox 70 2847 219 2914; x_wconf 82' lang='lat' dir='ltr'>dubitavi.</span> 
     </span>
    </p>

    <p class='ocr_par' dir='ltr' id='par_1_3' title="bbox 69 2953 1075 3465">
     <span class='ocr_line' id='line_1_19' title="bbox 128 2953 1075 3042; baseline 0.004 -24"><span class='ocrx_word' id='word_1_119' title='bbox 128 2955 263 3020; x_wconf 87' lang='lat' dir='ltr'>Praeter</span> <span class='ocrx_word' id='word_1_120' title='bbox 285 2955 460 3020; x_wconf 89' lang='lat' dir='ltr'>editionem</span> <span class='ocrx_word' id='word_1_121' title='bbox 480 2954 616 3039; x_wconf 86' lang='lat' dir='ltr'>denique</span> <span class='ocrx_word' id='word_1_122' title='bbox 634 2953 867 3040; x_wconf 85' lang='lat' dir='ltr'>Parisiensem‚</span> <span class='ocrx_word' id='word_1_123' title='bbox 886 2979 982 3042; x_wconf 91' lang='lat' dir='ltr'>quam</span> <span class='ocrx_word' id='word_1_124' title='bbox 1002 2979 1075 3023; x_wconf 93' lang='lat' dir='ltr'>eum</span> 
     </span>
     <span class='ocr_line' id='line_1_20' title="bbox 69 3061 1074 3146; baseline 0.002 -22"><span class='ocrx_word' id='word_1_125' title='bbox 69 3061 120 3124; x_wconf 86' lang='lat' dir='ltr'>alii</span> <span class='ocrx_word' id='word_1_126' title='bbox 146 3065 216 3126; x_wconf 92' lang='lat' dir='ltr'>tum</span> <span class='ocrx_word' id='word_1_127' title='bbox 241 3061 312 3146; x_wconf 89' lang='lat' dir='ltr'>ipse</span> <span class='ocrx_word' id='word_1_128' title='bbox 333 3061 491 3145; x_wconf 85' lang='lat' dir='ltr'>recensui,</span> <span class='ocrx_word' id='word_1_129' title='bbox 519 3082 591 3126; x_wconf 91' lang='lat' dir='ltr'>cum</span> <span class='ocrx_word' id='word_1_130' title='bbox 607 3062 659 3126; x_wconf 84' lang='lat' dir='ltr'>&#39;ab</span> <span class='ocrx_word' id='word_1_131' title='bbox 682 3084 768 3127; x_wconf 91' lang='lat' dir='ltr'>anno</span> <span class='ocrx_word' id='word_1_132' title='bbox 790 3062 876 3129; x_wconf 82' lang='lat'>1885</span> <span class='ocrx_word' id='word_1_133' title='bbox 899 3064 983 3128; x_wconf 90' lang='lat' dir='ltr'>nihil</span> <span class='ocrx_word' id='word_1_134' title='bbox 1007 3063 1074 3128; x_wconf 88' lang='lat' dir='ltr'>fere</span> 
     </span>
     <span class='ocr_line' id='line_1_21' title="bbox 69 3166 1074 3254; baseline 0.001 -26"><span class='ocrx_word' id='word_1_135' title='bbox 69 3166 184 3232; x_wconf 86' lang='lat' dir='ltr'>editum</span> <span class='ocrx_word' id='word_1_136' title='bbox 211 3168 266 3251; x_wconf 86' lang='lat' dir='ltr'>sit,</span> <span class='ocrx_word' id='word_1_137' title='bbox 295 3169 381 3252; x_wconf 90' lang='lat' dir='ltr'>quod</span> <span class='ocrx_word' id='word_1_138' title='bbox 403 3168 466 3232; x_wconf 91' lang='lat' dir='ltr'>hoc</span> <span class='ocrx_word' id='word_1_139' title='bbox 489 3168 562 3232; x_wconf 91' lang='lat' dir='ltr'>loco</span> <span class='ocrx_word' id='word_1_140' title='bbox 586 3167 720 3254; x_wconf 80' lang='lat' dir='ltr'>dignum</span> <span class='ocrx_word' id='word_1_141' title='bbox 744 3173 829 3233; x_wconf 89' lang='lat' dir='ltr'>esset</span> <span class='ocrx_word' id='word_1_142' title='bbox 852 3167 1074 3252; x_wconf 89' lang='lat' dir='ltr'>compluribus</span> 
     </span>
     <span class='ocr_line' id='line_1_22' title="bbox 70 3267 1074 3358; baseline -0.002 -24"><span class='ocrx_word' id='word_1_143' title='bbox 70 3274 185 3355; x_wconf 85' lang='lat' dir='ltr'>verbis,</span> <span class='ocrx_word' id='word_1_144' title='bbox 210 3275 340 3338; x_wconf 91' lang='lat' dir='ltr'>nomina</span> <span class='ocrx_word' id='word_1_145' title='bbox 362 3267 492 3339; x_wconf 88' lang='lat' dir='ltr'>tentum</span> <span class='ocrx_word' id='word_1_146' title='bbox 516 3293 627 3338; x_wconf 90' lang='lat' dir='ltr'>eorum</span> <span class='ocrx_word' id='word_1_147' title='bbox 650 3275 824 3358; x_wconf 83' lang='lat' dir='ltr'>librorum,</span> <span class='ocrx_word' id='word_1_148' title='bbox 847 3274 902 3357; x_wconf 92' lang='lat' dir='ltr'>qui</span> <span class='ocrx_word' id='word_1_149' title='bbox 925 3270 1074 3354; x_wconf 88' lang='lat' dir='ltr'>Antiqui·</span> 
     </span>
     <span class='ocr_line' id='line_1_23' title="bbox 69 3377 1029 3465; baseline -0.004 -25"><span class='ocrx_word' id='word_1_150' title='bbox 69 3380 150 3444; x_wconf 89' lang='lat' dir='ltr'>tates</span> <span class='ocrx_word' id='word_1_151' title='bbox 175 3379 350 3465; x_wconf 83' lang='lat' dir='ltr'>attingunt,</span> <span class='ocrx_word' id='word_1_152' title='bbox 372 3380 420 3445; x_wconf 90' lang='lat' dir='ltr'>ita</span> <span class='ocrx_word' id='word_1_153' title='bbox 444 3380 586 3463; x_wconf 88' lang='lat' dir='ltr'>afferam,</span> <span class='ocrx_word' id='word_1_154' title='bbox 609 3385 646 3445; x_wconf 92' lang='lat' dir='ltr'>ut</span> <span class='ocrx_word' id='word_1_155' title='bbox 669 3380 809 3453; x_wconf 83' lang='lat' dir='ltr'>indicem</span> <span class='ocrx_word' id='word_1_156' title='bbox 831 3377 1029 3442; x_wconf 81' lang='lat' dir='ltr'>continuem:</span> 
     </span>
    </p>
   </div>
   <div class='ocr_carea' id='block_1_3' title="bbox 0 0 1220 3840">
    <p class='ocr_par' dir='ltr' id='par_1_4' title="bbox 0 0 1220 3840">
     <span class='ocr_line' id='line_1_24' title="bbox 0 0 1220 3840; baseline 0 0"><span class='ocrx_word' id='word_1_157' title='bbox 0 0 1220 3840; x_wconf 95' lang='lat' dir='ltr'> </span> 
     </span>
    </p>
   </div>
  </div>
 </body>
</html>
