2414 3840
522 167 686 218 ..Ε-

96 328 133 395 έν
156 328 271 416 ἐκείνφ
296 335 341 418 τῷ
365 329 505 416 ἐνιαυτῷ
525 325 789 395 συντελεσθέντα
805 327 872 394 ὑπὸ
891 340 961 396 τῶν
980 329 1092 399 ὑπάτω

94 435 207 502 τοιάδε
230 430 286 517 ήν·

162 543 232 607 XX.
260 546 313 630 Τῷ
338 539 367 607 δ’
391 539 464 625 ἑξῆς
482 540 582 618 αὐτός
599 564 634 607 τε
653 541 754 608 πάλιν
772 540 1015 609 ἀποδείκνυται
1029 545 1092 612 Οάι

97 647 206 734 λέριος
229 649 266 714 τὸ
291 648 450 734 δεύτερον
472 648 597 724 ὕπατος
619 645 674 712 καλ
698 649 763 712 σὺν
782 647 872 737 αὐτῷ
891 655 1092 736 Λουκρήτιο,

68 773 81 812 ⁵
97 748 153 839 ἐφ’
172 749 221 820 ὧν
244 755 325 820 ἀλλο
345 751 405 838 μὲν
424 749 526 820 οὐδὲν
544 752 637 832 ἀξιον
657 756 761 837 λόγου
780 753 944 840 ἐπράχθη,
967 760 1092 842 τιμήσει

97 855 128 924 δ’
151 858 306 944 ἐγένοντο
334 868 401 925 τῶν
429 861 513 943 βίων
541 856 596 924 καὶ
623 857 730 938 τάξεις
755 870 822 925 τῶν
845 862 893 938 είς
914 865 998 940 τοὺς
1021 869 1092 931 πολι

95 992 180 1054 μους
208 969 392 1051 είσφοράν,
420 966 465 1044 ὡς
491 966 632 1042 Τύλλιος
655 965 673 1032 δ
697 969 853 1050 βασιλεὺς
875 966 1092 1055 ένομοθέτησ

95 1075 203 1140 πάντα
225 1074 285 1139 τὸν
303 1070 356 1139 ἐπὶ
373 1081 432 1157 τής
450 1073 639 1157 Ταρκυνίου
659 1072 855 1150 δυναστείας
874 1077 1003 1159 χρόνον
1023 1077 1092 1161 ἀφε

97 1180 205 1266 μέναι,
228 1183 304 1246 τότε
327 1175 364 1243 δὲ
385 1189 520 1265 πρῶτον
541 1177 607 1243 ὑπὸ
630 1179 760 1245 τούτων
784 1178 1047 1248 ἀνανεωθεῖσαι·
1082 1222 1092 1227 -

57 1303 84 1343 1⁰
98 1282 146 1352 ὧν
179 1284 304 1371 εὑρέθη
335 1296 403 1355 τῶν
436 1285 473 1351 ἐν
504 1285 569 1370 ήβη
593 1278 762 1370 Ῥωμαίων
794 1284 870 1373 περὶ
900 1291 1092 1373 τρισκαίδει

97 1392 268 1478 μυριάδας.
314 1389 371 1458 καλ
398 1393 445 1469 είς
471 1394 596 1477 χωρίον
620 1413 653 1458 τι
675 1394 883 1479 Σιγνούριον
904 1397 1092 1480 καλούμενι

91 1495 263 1583 Ῥωμαίων
291 1498 455 1582 ἀπεστάλη
484 1500 635 1586 στρατιά,
669 1500 726 1565 διά
753 1505 904 1584 φυλακῆς
932 1500 1092 1580 ἕξονσατ

96 1605 264 1692 φρούριον
294 1602 348 1671 ἐπὶ
376 1616 448 1682 ταῖς
477 1608 634 1671 Λατίνων
662 1628 698 1671 τε
726 1603 782 1671 καλ
806 1601 970 1691 Ἑρνίκων
999 1611 1092 1674 πόλει

97 1715 263 1797 κείμενον,
287 1713 370 1778 ὅθεν
392 1713 452 1777 τὸν
475 1715 620 1796 πόλεμον
642 1711 896 1798 προσεδέχοντο.

58 1835 83 1876 15
164 1819 251 1885 XXI.
284 1821 439 1883 Ποπλίου
467 1814 504 1885 δὲ
527 1817 716 1904 Οὐαλερίου
739 1827 802 1883 τοῦ
823 1819 1092 1906 προσαγορευθέν

97 1948 154 2001 τος
169 1925 364 1989 Ποπλικόλα
385 1925 423 1988 τὸ
446 1927 560 2010 τρίτον
577 1923 632 1990 έπλ
650 1925 712 2008 τήν
730 1924 836 2008 αὐτήν
855 1924 1092 2011 ἀποδειχθέντα

98 2030 204 2115 ἀρχήν
231 2028 287 2095 καλ
315 2032 379 2096 σὺν
407 2030 496 2119 αὐτῷ
519 2030 665 2117 Μάρκον
683 2027 836 2117 Ὁρατίου
860 2035 1057 2116 Πολβίλλου
1078 2057 1092 2099 τ

99 2138 258 2223 δεύτερον
281 2140 436 2221 βασιλεὺς
450 2141 652 2204 Κλουσινῶν
674 2149 742 2202 τῶν
760 2136 798 2203 έν
817 2142 988 2227 Τυρρηνίᾳ
1004 2141 1092 2226 Λάρο

99 2246 220 2328 όνομα,
247 2246 419 2331 Πορσίνας
442 2243 629 2327 ἐπίκλησιν,
652 2248 915 2329 καταφυγόντων
938 2242 990 2311 ἐπ’
1014 2246 1092 2311 αὐτὸ

61 2369 87 2410 2⁰
106 2352 318 2438 Ταρκυνίων,
345 2351 574 2436 ὑποσχόμενος
596 2351 710 2428 αὐτοῖς
733 2353 827 2416 δνείν
850 2351 999 2437 θάτερον
1024 2338 1048 2435 ή
1068 2353 1092 2418 δ.

100 2457 253 2537 αλλάξειν
284 2457 405 2534 αὐτοὺς
432 2459 514 2544 πρὸς
543 2459 621 2533 τοὺς
651 2460 788 2535 πολίτας
815 2456 868 2523 έπλ
895 2458 1036 2546 καθόδῳ
1062 2482 1092 2524 ια

100 2565 263 2649 ἀναλήψει
285 2573 343 2648 της
366 2563 466 2650 ἀρχῆς
488 2563 509 2647 ή
532 2564 590 2640 τάς
613 2563 728 2648 οὐσίας
751 2563 1058 2649 ἀνακομισάμενος,
1080 2564 1092 2630 δ

99 2669 337 2755 ἀφῃρέθησαν,
365 2670 567 2752 ἀποδώσειν,
597 2668 711 2753 ἐπειδὴ
740 2668 895 2756 πρέσβεις
921 2669 1092 2744 ἀποστείλν

100 2777 149 2853 είς
170 2777 232 2859 τήν
251 2771 379 2860 Ῥώμην
402 2775 440 2841 ἐν
462 2783 507 2864 τῷ
531 2777 735 2860 παρελθόντι
755 2776 895 2865 ἐνιαυτῷ
915 2777 1092 2863 μεμιγμένα

60 2899 86 2940 25
101 2882 250 2960 ἀπειλαῖς
272 2880 457 2964 ἐπικλήσεις
478 2884 673 2966 κομίζοντας
695 2882 772 2947 οάτε
797 2884 978 2966 διαλλαγὰς
1001 2885 1092 2971 εὔρει

174 3062 207 3110 10
227 3053 387 3125 εὑρέθησαν
402 3087 436 3096 -
451 3055 585 3128 μυριάδες
604 3073 625 3111 ο.
646 3055 736 3110 Cobet
754 3057 772 3110 l.
792 3056 810 3110 l.
868 3064 899 3112 11
920 3058 1092 3130 μνριάδεςΑ

101 3128 292 3234 *τισιάἀόριον
310 3163 333 3217 Β
370 3162 521 3234 σνγνήριον
538 3162 565 3218 Α
583 3165 766 3233 (σιγλιουρίαν
785 3163 861 3233 apud
879 3164 1023 3223 Plutarch.
1039 3167 1092 3236 Po}

101 3307 124 3345 ο.
146 3294 189 3360 16)
268 3294 300 3343 16
319 3288 350 3344 τὸ
370 3287 464 3343 om.B
544 3295 577 3343 18
596 3252 777 3344 κολουοίωνΑ
813 3290 1028 3346 κολουσίνωνΒ
1086 3302 1092 3349 λ

101 3364 241 3432 Πορσίνας
257 3358 310 3414 ΑΒ
401 3366 434 3414 22
454 3358 659 3429 ἀναλήφειΒ
750 3365 785 3415 24
803 3360 873 3431 πρὸς
895 3360 948 3430 τὴν
967 3359 1092 3418 πόλινΒ

101 3432 221 3502 παρόντι
238 3431 262 3485 Β
278 3434 283 3502 λ
298 3430 487 3501 παρακλήσεις
505 3447 528 3485 c.
549 3430 670 3500 Sylburg
