2414 3840
514 160 676 226 ..ς’-

90 334 207 417 οόσης·
245 326 299 399 οἷα
326 337 504 417 γίγνεσθαι
532 339 624 419 φιλεῖ
649 332 726 419 περὶ
752 334 810 410 τάς
837 334 1020 418 μεταβολάς
1047 336 1106 410 τὰς

90 442 269 524 αἰφνιδίως
297 440 509 526 γιγνομένας·
542 438 626 518 δυσὶ,
647 451 719 517 ταῖς
746 439 1021 524 ἐπιφανεστάταις
1045 443 1106 504 πό-

89 551 163 611 λεσι
182 551 377 632 Τυρρηνῶν,
403 551 645 633 Ταρκυνιήταις
667 568 702 612 τε
723 544 780 612 καὶ
796 546 1012 622 Οὐιεντανοῖς
1030 568 1105 611 κατ-

39 632 51 655 ’
89 653 185 736 άγειν
203 653 421 739 βουλομένοις
439 658 517 732 τοὺς
533 657 680 738 βασιλεῖς
694 655 818 738 μεγάλη
834 660 981 739 στρατιᾷ,
1000 674 1105 737 παρα-

88 760 368 838 κινδυνεύσαντες
387 762 494 844 ὀλίγοι
512 762 595 845 πρὸς
609 762 754 836 πολλοὺς
769 761 1031 850 διηγωνίσμεθα,
1050 757 1105 824 καὶ
1119 777 1132 818 5

89 869 250 951 μεγίστην
283 865 536 952 ἀποδειξάμενοι
564 869 760 951 προθυμίαν
792 866 871 942 τούς
897 861 929 930 τ’
956 864 1105 949 ἀντιταχ-

89 971 214 1049 θέντας
237 974 322 1060 μάχη
346 975 541 1056 νικήσαντες
564 973 796 1057 ἀπεωσάμεθα,
819 970 874 1037 καὶ
892 979 937 1060 τῷ
956 974 1107 1052 περιόντι

89 1088 159 1145 τῶν
189 1080 325 1145 ὑπάτων
354 1081 559 1164 διεσώσαμεν
585 1081 647 1163 τήν
674 1079 789 1165 ἀρχήν.
836 1078 877 1143 οὐ
904 1082 1041 1154 πολλοῖς
1054 1075 1141 1144 ’δδὸ

35 1189 228 1270 εΙοχρόνοις
245 1187 387 1271 ὕστερον
402 1189 577 1271 Πορσίναν
596 1189 781 1271 Τυρρηνῶν
798 1183 936 1269 βασιλέα
949 1184 1105 1268 κατάγειν

90 1290 145 1357 καλ
178 1293 282 1358 αὐτὸν
314 1292 473 1371 ἀξιοῦντα
501 1296 581 1370 τοὺς
612 1293 765 1376 φυγάδας
792 1300 831 1376 τῇ
858 1289 889 1356 τ’
917 1290 949 1369 ἐξ
977 1291 1106 1374 ἀπάσης
1119 1311 1146 1351 10

95 1401 298 1484 Τυρρηνίας,
325 1399 369 1482 ἣν
397 1399 496 1477 αὐτὸς
524 1399 678 1483 ἐπήγετο,
707 1399 847 1482 δυνάμει
874 1396 930 1464 καὶ
951 1409 1023 1474 ταῖς
1046 1395 1103 1463 ὑπ’

91 1504 229 1570 ἐκείνων
259 1505 295 1570 ἐκ
324 1510 451 1571 πολλοῦ
484 1508 738 1591 συναχθείσαις,
770 1505 832 1569 οὐκ
860 1507 991 1589 ἔχοντες
1019 1502 1106 1581 ἀξιό-

90 1635 199 1696 μαχον
221 1623 315 1697 χεῖρα
333 1609 388 1677 καὶ
408 1613 463 1677 διιὶ
481 1621 581 1678 τοῦτο
600 1608 892 1686 κατακλεισθέντες
911 1612 958 1686 είς
971 1616 1106 1696 πολιορ-

89 1721 168 1785 κίαν
190 1741 226 1783 τε
248 1717 305 1784 καὶ
328 1718 515 1802 ἀμηχανίαν
531 1715 587 1784 καὶ
605 1703 729 1793 παντὸς
747 1717 937 1802 πράγματος
951 1716 1106 1801 ἀπορίαν,

90 1834 137 1914 τῷ
156 1826 263 1890 πάντα
282 1825 460 1909 ὑπομεῖναι
477 1826 519 1890 τά
538 1825 631 1889 δεινά
650 1826 752 1907 φίλον
766 1824 949 1906 γενόμενον
963 1822 1105 1905 ήναγκά-
1121 1839 1145 1882 ιι

91 1949 197 2015 σαμεν
220 1931 388 1997 ἀπελθεῖν.
425 1932 466 1996 τά
489 1927 526 1996 δὲ
548 1935 719 1996 τελευταῖα
736 1931 851 2012 τρίτον
868 1929 1019 1993 κάθοδον
1037 1931 1140 1995 τῶνὸ

91 2036 256 2122 βασιλέων
278 2036 626 2122 παρασκευασαμένων
650 2037 706 2101 διά
728 2045 789 2101 τοῦ
807 2038 964 2100 Λατίνων
983 2038 1107 2111 ἔθνους

91 2142 147 2210 καὶ
170 2145 346 2229 τριάκοντα
366 2147 479 2220 πόλεις
497 2141 722 2228 ἐπαγομένων,
745 2142 1003 2224 ἀντιβολοῦντας
1020 2141 1106 2225 ὑμᾶς
1187 2181 1189 2184 -

92 2250 235 2335 ὁρῶντες
262 2249 317 2315 καὶ
345 2247 618 2334 ὀλοφυρομένους
644 2247 700 2314 καὶ
723 2248 782 2314 ἕνα
806 2246 945 2313 ἕκαστον
968 2245 1106 2331 ἐπιβοω-

92 2379 196 2441 μενον
219 2354 363 2440 ἑταιρίας
385 2378 420 2420 τε
442 2354 498 2421 καὶ
522 2356 726 2439 συντροφίας
748 2351 803 2419 καὶ
826 2352 1003 2439 ὁμαιχμίας
1025 2353 1104 2418 ἀνα·
1118 2372 1144 2412 2⁰

92 2465 337 2547 μιμνήσκοντας
364 2462 425 2546 οὐχ
453 2462 676 2547 ὑπεμείναμεν
704 2460 947 2542 ἐγκαταλιπεῖν·
982 2460 1107 2543 ήγησά-

91 2593 188 2654 μενοι
212 2566 248 2632 δὲ
270 2568 448 2633 κάλλιστον
471 2563 635 2634 εἶναικαὶ
658 2569 889 2652 λαμπρότατον
912 2566 1026 2650 ἀγῶνα
1047 2568 1107 2632 τὸν

91 2672 176 2760 ὑπὲρ
203 2675 298 2760 ὑμῶν
326 2674 427 2760 δμόσε
451 2686 521 2751 τοῖς
545 2676 668 2751 δεινοῖς
692 2674 920 2759 ἐχωρήσαμεν,
949 2673 1106 2757 μέγιστον

37 2782 136 2864 211δὴ
164 2783 334 2847 κινδύνων
362 2781 606 2866 ἀναρρίψαντες
633 2780 778 2864 ἐκεῖνον,
805 2779 842 2845 ἐν
866 2771 892 2867 ᾧ
916 2782 1022 2847 πολλά
1045 2778 1106 2866 μὲν

90 2888 261 2974 τραύματα
294 2890 466 2971 λαβόντες,
498 2889 605 2952 πολλὰ
638 2883 675 2952 δὲ
707 2887 842 2971 σώματα
870 2899 1043 2971 συγγενῶν
1070 2913 1106 2954 τε
1120 2903 1153 2944 2⁵

163 3079 392 3153 2<αι>φνιδίως
409 3078 456 3132 Bb
475 3078 506 3131 in
523 3096 578 3133 ras.
601 3086 614 3132 1
634 3077 690 3132 litt.
748 3085 900 3154 4οτρατιᾷ
917 3080 943 3131 Α
976 3097 1106 3149 οτρατεια

89 3149 138 3203 Bb
176 3169 318 3219 οτρατειαι
335 3151 382 3204 Ba
463 3149 731 3220 ὀδιηγωνισάμεθα
749 3167 772 3206 ο.
793 3150 915 3219 Sylburg
991 3149 1106 3216 Ὶνική-

91 3219 274 3293 σαντ<ες>Β
351 3226 383 3275 11
403 3220 596 3290 τυραννίαςΒ
671 3227 703 3276 15
721 3220 874 3292 γενόμενον
892 3219 998 3274 add.B
1072 3227 1105 3276 18

89 3292 141 3348 καὶ
158 3291 208 3354 τὰς
227 3291 380 3362 τριάκοντα
398 3290 542 3360 Kiessling
622 3298 655 3346 19
675 3291 724 3347 καὶ
742 3289 968 3362 ὀλοφυρομένους
987 3289 1106 3360 ὁρῶντες

89 3363 115 3416 A
132 3371 134 3426 λ
153 3358 360 3487 ἕπιβοωμὲνους
378 3380 401 3418 ο.
422 3362 543 3430 Sylburg
561 3364 591 3416 et
608 3363 710 3418 Porssus
772 3369 807 3418 24
825 3360 965 3416 κινδύνων
984 3361 1008 3414 Β
1044 3362 1105 3416 κίν-

90 3438 180 3490 δυνον
239 3439 244 3504 Ι
261 3429 599 3504 ἐκεῖνον’ἀναρρίψαντες
616 3435 639 3487 Β
