2414 3840
125 163 169 230 80
552 167 715 216 -Δ-

125 326 158 406 ἐξ
191 322 232 393 οὗ
264 327 405 402 Τύλλιος
438 324 644 409 ἐτελεύτησε,
675 326 759 410 πρὸς
792 325 833 392 ὃν
860 325 1060 411 έποιὴσαντο
1087 330 1148 405 τὰς

89 433 312 519 3ὁμολογίας.
349 434 452 516 γνοὺς
476 428 513 497 δὲ
536 440 639 497 ταῦτα
662 442 799 518 προεῖπε
818 427 864 497 δι’
880 431 1032 517 ἀγγέλων
1050 434 1147 517 ἡκειν

126 543 173 618 εἰς
194 541 257 623 τὴν
276 539 313 606 ἐν
330 541 517 626 Φερεντίνῳ
536 535 720 623 γινομένην
737 538 865 626 ἀγορὰν
882 543 962 618 τοὺς
980 543 1147 619 εἰωθότας

128 643 208 733 ὑπὲρ
236 655 297 711 τοῦ
325 655 443 712 κοινοῦ
471 655 539 711 τῶν
566 648 724 711 Λατίνων
753 647 985 733 συνεδρεύειν,
1015 645 1147 731 ἡμέραν

98 754 200 819 ὁτινά
223 753 349 840 ὁρίσας,
372 753 417 830 ὡς
439 750 511 839 περὶ
537 761 662 817 κοινῶν
684 750 739 817 καὶ
762 753 917 837 μεγάλων
939 754 1146 840 πραγμάτων

90 861 192 925 4σὺν
215 859 327 937 αὐτοῖς
350 861 624 943 βουλευσόμενος.
662 858 697 923 οί
717 854 778 943 μέν
802 860 844 943 δὴ
868 867 1038 946 παρῆσαν,
1064 859 1082 926 ὁ
1107 857 1147 927 δέ

129 968 315 1049 Ταρκύνιος
347 965 447 1043 αὐτὸς
479 965 496 1031 ὁ
530 963 671 1042 καλέσας
698 965 821 1042 αὐτοὺς
847 965 988 1053 ὑστέρει.
1033 967 1079 1044 ὡς
1108 963 1147 1033 δέ

124 1077 229 1151 πολὺς
262 1072 391 1157 ἐγένετο
424 1070 629 1156 καθημένοις
659 1070 678 1137 δ
708 1073 829 1158 χρόνος
856 1070 912 1137 καὶ
939 1072 1047 1138 έδόκει
1074 1084 1147 1152 τοῖς

124 1183 277 1246 πλείοσιν
308 1180 405 1265 ύβρις
432 1173 520 1244 εἶναι
548 1179 585 1243 τὸ
612 1187 761 1263 πρᾶγμα,
795 1178 880 1265 ἀνήρ
906 1201 957 1256 τις
984 1177 1022 1245 έν
1049 1182 1147 1246 πόλει

49 1328 55 1338 .
85 1303 112 1343 ιο
126 1282 187 1371 μὲν
215 1287 317 1352 οἰκῶν
341 1289 504 1371 Κορίλλῃ,
534 1285 676 1362 δυνατὸς
704 1280 742 1349 δέ
764 1281 820 1350 καί
842 1287 987 1370 χρήμασι
1009 1283 1066 1351 καί
1088 1289 1198 1372 (μί-755

126 1398 197 1469 λοις
220 1390 275 1457 καὶ
297 1393 338 1457 τδι
360 1390 502 1475 πολέμια
520 1392 656 1476 ἀλκιμος
673 1394 845 1457 πολιτικόν
862 1414 898 1457 τε
916 1394 1019 1476 λόγον
1038 1395 1148 1460 εἰπεῖν

126 1498 188 1565 οὐκ
210 1498 391 1582 ἀδύνατος,
421 1498 552 1584 Τύρνος
570 1492 753 1584 Ἑρδώνιος
775 1500 897 1582 ὄνομα,
924 1502 1086 1588 Μαμιλίῳ
1110 1523 1148 1567 τε

126 1607 290 1692 διάῳορος
318 1605 367 1670 ὢν
394 1606 450 1670 διά
477 1605 539 1688 τὴν
566 1605 649 1691 πρὸς
675 1606 716 1669 τά
743 1607 841 1671 κοινά
868 1609 1064 1690 φιλοτιμίαν
1088 1605 1148 1674 καὶ

129 1715 304 1800 Ταρκυνίῳ
321 1713 376 1777 διὰ
389 1713 449 1777 τὸν
463 1715 638 1795 Μαμίλιον
651 1711 889 1797 ἀπεχθόμενος,
909 1713 961 1777 ὅτι
978 1714 1148 1798 κηδεστὴν

86 1838 112 1879 15
127 1819 256 1885 ἐκείνου
283 1818 403 1902 ἠξίωσε
431 1821 547 1901 λαβεῖν
575 1815 656 1883 ἀνθ’
679 1816 816 1901 ἑαυτοῦ,
844 1820 973 1902 πολλὴν
1001 1818 1147 1888 έποιελτο

125 1935 186 1991 τοῦ
213 1928 401 2011 Ταρκυνίου
429 1927 633 2010 κατηγορίαν
657 1922 689 1989 τ’
710 1927 800 1990 ’ἀλλα
824 1924 955 2003 διεξιὼν
979 1927 1061 2012 ἔργα
1083 1938 1148 1994 τοῦ

126 2033 264 2119 ἀνδρός,
299 2023 350 2109 οἷς
381 2030 547 2097 αύθάδειά
578 2053 629 2108 τις
661 2031 769 2097 ἐδόκει
796 2042 971 2115 προσεῖναι
997 2030 1054 2097 καὶ
1085 2037 1147 2117 βα-

126 2140 241 2226 ρύτης,
264 2136 321 2203 καὶ
346 2140 383 2203 τὸ
408 2139 452 2222 μὴ
476 2148 630 2222 παρεῖναι
657 2139 740 2223 πρὸς
766 2140 827 2204 τὸν
850 2138 1017 2222 σύλλογον
1039 2139 1148 2205 αὐτὸν

90 2249 184 2313 θεὸν
211 2246 392 2327 κεκληκότα
418 2255 486 2310 τῶν
513 2245 624 2310 ἀλλων
649 2242 805 2308 ἁπάντων
831 2246 1018 2329 παρόντων.
1064 2245 1147 2312 ἀπο-

86 2373 112 2413 εο
126 2351 334 2439 λογουμένου
358 2349 395 2418 δὲ
417 2361 479 2418 τοῦ
500 2353 675 2436 Μαμιλίου
698 2347 754 2416 καὶ
776 2351 824 2428 είς
846 2349 1028 2433 ἀναγκαίας
1051 2355 1148 2432 τινάς

126 2460 353 2546 ἀναφέροντος
376 2461 482 2537 αίτίας
504 2459 564 2523 τὸν
581 2466 643 2522 τοῦ
660 2459 851 2542 Ταρκυνίου
865 2459 1052 2543 χρονισμὸν
1065 2457 1147 2525 ἀνα-

126 2567 310 2651 βάλλεσθαι
331 2559 360 2629 τ’
382 2565 556 2644 ἀξιοῦντος
573 2567 633 2631 τὸν
652 2564 819 2646 σύλλογον
837 2566 886 2641 είς
904 2564 966 2647 τὴν
982 2563 1146 2632 ἐπιοῦσαν

125 2671 267 2758 ἡμέραν,
295 2670 490 2748 πεισθέντες
514 2671 549 2735 οί
569 2671 729 2756 πρόεδροι
752 2679 820 2735 τῶν
843 2673 1000 2736 Λατίνων
1024 2670 1145 2756 ἀνεβά-

125 2785 226 2845 λοντο
249 2779 311 2862 τὴν
334 2779 471 2861 βουλὴν.

86 2904 112 2945 ει
193 2883 374 2950 XXXXVI.
410 2887 457 2968 Τῇ
486 2878 517 2948 δ’
544 2881 617 2966 ἑξῆς
644 2880 751 2969 ἡμέρῳ
777 2891 887 2968 παρῆν
911 2883 929 2948 ό
956 2885 1145 2970 Ταρκύνιος

126 2991 181 3059 καί
202 2988 430 3076 συναχθέντος
447 2998 508 3056 τοῦ
527 2992 694 3073 συλλόγου
712 2989 813 3076 μικρά
830 2985 867 3055 θ’
884 2985 968 3077 ὑπὲρ
986 3000 1048 3056 τοῦ
1065 3005 1198 3079 xpo-⁷56

126 3108 249 3183 νισμοῦ
276 3097 445 3184 προειπὼν
471 3094 555 3183 ὑπὲρ
582 3106 640 3182 τῆς
665 3096 844 3181 ἡγεμονίας
871 3096 976 3174 εὐθὺς
999 3097 1143 3166 ἐποιεῖτο

121 3216 124 3221 ’
198 3219 388 3291 3γενομένην
407 3220 429 3275 Ο
450 3237 518 3274 corr.
538 3217 676 3273 Bficheler
744 3218 831 3273 δσδν
849 3219 945 3282 αὐτοῖς
962 3218 1070 3274 ωόά.Β
1127 3227 1143 3275 8

127 3293 141 3348 ὁ
161 3293 226 3348 add.
245 3292 268 3345 B
338 3297 370 3346 10
390 3290 441 3362 μὲν
461 3291 525 3346 add.
544 3289 567 3342 B
636 3296 668 3343 12
691 3289 799 3359 Τύρδος
815 3289 870 3345 hoc
889 3289 1009 3359 aliisque
1028 3290 1100 3348 locis
1120 3292 1143 3348 Ο

127 3381 195 3420 corr.
219 3362 338 3418 Hudson
377 3363 484 3433 Τύρδος
502 3361 655 3432 Ἑρδώνιος
677 3359 767 3430 ὄνομα
789 3359 820 3414 in
842 3378 897 3416 ras.
920 3360 966 3414 Ba
1050 3370 1083 3417 13
1108 3364 1145 3418 τά

127 3451 180 3490 om.
200 3436 223 3489 B
296 3442 328 3489 21
348 3443 397 3490 τοῦ
418 3453 470 3490 om.
490 3429 809 3503 ΑΙ*ἀναβαλε’σθαιΟ
