2414 3840
569 184 731 233 -Ε-

106 343 387 427 3καταφρονήσει
410 339 642 427 ἐπιτρέψαντες
664 341 905 427 ἀνατραπῆναι·
943 347 1103 428 Βροῦτον
1125 341 1162 410 δὲ

141 452 271 514 πείθων
294 450 337 533 μὴ
362 442 432 532 μετ’
454 449 612 532 αἰσχύνης
634 446 689 513 καλ
707 453 983 534 προπηλακισμοῦ
1001 450 1063 514 τδν
1082 465 1161 516 συν-

142 556 288 640 άρχοντα
313 561 372 636 τῆς
395 555 554 640 πατρίδος
576 554 743 638 ἐκβαλεῖν,
771 551 848 639 μεθ’
871 550 912 620 οὗ
935 556 976 620 τά
999 555 1160 640 κράτιστα

141 658 225 746 ὑπὲρ
256 669 315 745 τῆς
345 664 473 736 πόλεως
504 660 719 744 ἐβούλευσεν·
760 657 833 726 ἀλλ’
860 660 918 725 έάν
948 661 1050 738 αὐτὸς
1078 663 1159 728 ὑπο-

115 766 226 852 ιμένη
253 756 316 850 τὴν
339 767 444 853 ἀρχὴν
468 765 660 832 ἀποθέσθαι
681 764 737 831 καί
759 774 940 853 παραχωρῇ
962 775 1022 851 τῆς
1043 771 1159 855 πατρί

143 873 202 950 δος
225 871 327 956 ἑκών,
348 876 411 957 τήν
433 866 465 937 τ’
492 872 612 938 οὐσίαν
635 871 724 959 αὐτῷ
748 881 858 938 πᾶσαν
881 872 1055 956 ἐπιτρέψαι
1078 876 1160 940 κατὰ

143 981 267 1064 σχολὴν
295 979 604 1061 ἀνασκευάσασθαι,
635 976 691 1043 καί
720 978 757 1044 ἐκ
784 987 844 1044 τοῦ
868 980 1034 1063 δημοσίου
1057 998 1160 1067 προσ-

142 1089 259 1151 θεῖναί
286 1108 362 1151 τινα
395 1085 540 1170 δωρεάν,
576 1085 632 1149 ἵνα
663 1085 879 1170 παραμύθιον
906 1087 963 1170 ἐχη
991 1094 1051 1170 τῆς
1079 1103 1160 1172 συμ-

144 1201 252 1278 φορᾶς
274 1193 336 1275 την
358 1193 448 1273 παρά
469 1200 531 1257 τοῦ
554 1193 663 1277 δήμου
685 1191 792 1276 χάριν.

108 1326 134 1364 ω
209 1297 282 1362 ΧΠ.
319 1302 431 1363 Ταῦτα
457 1306 518 1362 τοῦ
545 1297 669 1383 ἀνδρὸς
690 1296 891 1383 ἀμφοτέροις
912 1306 1199 1383 παραινοῦντοςειι

142 1401 198 1468 καὶ
220 1413 288 1467 τῶν
311 1408 457 1468 πολιτῶν
476 1402 722 1469 ἐπαινεσάντων
740 1405 933 1487 τὸνλόγον,
956 1403 974 1470 ὁ
994 1400 1059 1488 μὲν
1073 1408 1161 1470 Κολ-

143 1514 276 1585 λατῖνος
303 1510 410 1575 πολλά
436 1512 749 1595 κατολοφυρόμενος
772 1508 912 1592 Ιἑαυτόν,
940 1511 972 1575 εί
1000 1510 1058 1575 διά
1082 1526 1161 1594 συμ-

144 1625 251 1699 γενῶν
288 1618 382 1681 ἐλεον
419 1615 564 1681 ἐκλιπεῖν
597 1615 888 1700 ἀναγκασθήσεται
920 1616 982 1699 την
1013 1619 1161 1704 πατρίδα

143 1719 248 1809 μηδὲν
276 1722 416 1805 ἀδικῶν,
446 1723 639 1787 ἀποτίθεται
666 1724 727 1806 τὴν
750 1721 864 1807 ἀρχήν.
905 1717 985 1788 ὁδὶ
1009 1726 1162 1808 Βροῦτος

109 1805 318 1930 Ξέπαινέσας
355 1829 458 1894 αὐτὸν
490 1828 535 1904 ὡς
566 1829 606 1892 τὰ
637 1803 794 1914 κράτιστα
825 1825 880 1892 καὶ
912 1829 1162 1914 συμφορώτατα

144 1932 249 2022 ἑαυτῷ
277 1958 312 2000 τε
334 1934 390 2000 καὶ
412 1943 452 2020 τῇ
475 1937 569 2000 πόλει
592 1932 859 2019 βεβουλευμένον
881 1935 1060 2019 παρεκάλει
1084 1930 1158 2020 μήτ’

144 2041 233 2130 αὐτῷ
262 2044 342 2126 μήτε
368 2048 407 2126 τῇ
435 2042 570 2126 πατρίδι
597 2050 825 2125 μνησικακεῖν·
862 2037 978 2126 ἑτέραν
1002 2037 1040 2105 δὲ
1064 2065 1161 2126 μετα-

143 2150 290 2232 λαβόντα
308 2153 439 2231 οίκησιν
452 2149 513 2231 τὴν
527 2145 810 2231 καταλειπομένην
826 2147 971 2231 πατρίδα
988 2145 1161 2231 ἡγεῖσθαι,

144 2256 288 2340 μηδενὸς
324 2251 400 2338 μήτ’
433 2255 535 2339 ἐργου
572 2256 652 2337 μήτε
688 2255 792 2337 λόγου
828 2260 1060 2318 κοινωνοῦντα
1092 2265 1163 2331 τοῖς

108 2387 134 2425 ω
145 2361 280 2446 ἐχθροῖς
302 2355 375 2425 κατ’
390 2359 503 2444 αὐτῆς·
527 2361 564 2424 τὸ
589 2356 620 2425 δ’
639 2359 719 2424 ὅλον
738 2358 928 2443 ἀποδημίαν
945 2359 1162 2444 ὑπολαβόντα

144 2468 205 2550 τὴν
229 2467 481 2551 μετανάστασιν,
505 2465 567 2533 οὐκ
590 2464 765 2552 ἐξορισμὸν
789 2461 869 2531 οὐδὲ
892 2467 1016 2549 φυγήν,
1040 2468 1081 2532 τὸ
1100 2464 1162 2552 μὲν

98 2661 101 2665 .
147 2583 242 2657 σῶμα
269 2575 358 2659 παρά
386 2583 456 2649 τοῖς
482 2571 742 2657 ὑποδεξαμένοις
768 2573 871 2656 ἔχειν,
897 2574 960 2656 την
987 2568 1025 2637 δὲ
1046 2575 1162 2658 ψυχὴν

144 2680 233 2763 παρά
246 2689 316 2756 τοῖς
334 2678 574 2765 προπέμπουσι.
598 2687 699 2745 ταῦτα
719 2676 752 2743 δ’
775 2677 985 2763 ὑποθέμενος
998 2687 1044 2766 τῷ
1060 2678 1162 2766 ἀνδρὶ

144 2787 255 2850 πείθει
282 2787 341 2851 τὸν
371 2788 477 2870 δῆμον
506 2792 611 2850 είκοσι
636 2785 809 2850 ταλάντων
838 2786 957 2851 δοῦναι
980 2785 1072 2872 αὐτῷ
1096 2787 1162 2853 δω-

216 2949 233 2996 4
251 2940 321 3013 ὑπὲρ
344 2950 393 3012 τῆς
414 2941 520 3004 πόλεως
537 2942 560 2995 Β
596 2949 645 3010 τῆς
664 2943 798 3011 πατρίδος
816 2941 842 2994 R
914 2947 929 2996 7
949 2941 1163 3011 μετανασκεοά-

144 3016 252 3069 ααοθαι
270 3014 295 3068 Α
330 3013 583 3069 ἀνασκευάσασθαι
601 3013 624 3066 Β
715 3017 748 3065 10
767 3009 991 3082 παραινέσαντος
1014 3029 1037 3067 ο.
1056 3011 1163 3069 Garrer

145 3085 211 3141 Obs.
229 3103 256 3154 p.
277 3091 311 3140 54
403 3091 435 3140 12
454 3082 718 3154 κατολοφυράμενος
738 3099 761 3138 ο.
781 3081 870 3138 Cobet
889 3083 954 3141 Obs.
972 3101 1001 3154 p.
1017 3089 1051 3140 98
1127 3091 1162 3140 13

145 3153 284 3212 ἐκλείπειν
302 3156 325 3210 Β
342 3157 346 3225 Ι
363 3153 439 3219 ἔλεος
458 3155 631 3224 Grasberger
644 3153 810 3223 Philologus
828 3156 896 3210 tom.
911 3161 945 3210 28
961 3157 1053 3223 (1869)
1069 3161 1162 3225 1134?

181 3232 214 3282 15
233 3224 414 3298 συμφέροντα
435 3225 488 3281 ΑΒ
530 3226 735 3296 συμφορώτατα
757 3224 861 3280 Reiske
951 3229 984 3280 16
1002 3244 1034 3282 τε
1056 3226 1109 3281 καὶ
1127 3257 1162 3268 -

143 3297 297 3370 παρεκάλει
316 3314 370 3353 om.
389 3297 437 3353 Ba
511 3303 543 3352 1⁷
563 3299 637 3352 αάτῶ
657 3295 725 3366 μήτε
745 3313 797 3352 om.
817 3296 864 3350 Ba
879 3300 883 3364 Ι
900 3295 1097 3369 μεταβαλόντα
1115 3297 1163 3353 Bb

144 3378 214 3496 Ρίῗ
234 3367 294 3425 οὔτ’
316 3363 461 3440 ἐξορισμὸν
480 3367 545 3424 οότε
563 3367 587 3422 Β
603 3351 845 3438 Ι’όποδεξομένοις
864 3397 897 3408 -
916 3365 1122 3439 προπέμψουσι
1139 3386 1163 3424 c.

167 3458 183 3496 ο
212 3458 245 3496 us
