<?xml version="1.0" encoding="UTF-8"?>
<!DOCTYPE html PUBLIC "-//W3C//DTD XHTML 1.0 Transitional//EN"
    "http://www.w3.org/TR/xhtml1/DTD/xhtml1-transitional.dtd">
<html xmlns="http://www.w3.org/1999/xhtml" xml:lang="en" lang="en">
 <head>
  <title>
</title>
<meta http-equiv="Content-Type" content="text/html;charset=utf-8" />
  <meta name='ocr-system' content='tesseract 3.04.00' />
  <meta name='ocr-capabilities' content='ocr_page ocr_carea ocr_par ocr_line ocrx_word'/>
</head>
<body>
  <div class='ocr_page' id='page_1' title='image "./dionysihalicarn02diongoog_0403.png"; bbox 0 0 2414 3840; ppageno 0'>
   <div class='ocr_carea' id='block_1_1' title="bbox 567 178 729 230">
    <p class='ocr_par' dir='ltr' id='par_1_1' title="bbox 567 178 729 230">
     <span class='ocr_line' id='line_1_1' title="bbox 567 178 729 230; baseline 0.006 -13"><span class='ocrx_word' id='word_1_1' title='bbox 567 178 729 230; x_wconf 74' lang='grc' dir='ltr'><strong><em>..ς-</em></strong></span> 
     </span>
    </p>
   </div>
   <div class='ocr_carea' id='block_1_2' title="bbox 82 335 1203 2865">
    <p class='ocr_par' dir='ltr' id='par_1_2' title="bbox 82 335 1203 2865">
     <span class='ocr_line' id='line_1_2' title="bbox 141 335 1158 424; baseline -0.002 -20"><span class='ocrx_word' id='word_1_2' title='bbox 141 337 293 424; x_wconf 81' lang='grc' dir='ltr'><strong><em>ἐπὲσχον,</em></strong></span> <span class='ocrx_word' id='word_1_3' title='bbox 307 337 362 404; x_wconf 82' lang='grc' dir='ltr'><strong><em>καλ</em></strong></span> <span class='ocrx_word' id='word_1_4' title='bbox 377 339 453 423; x_wconf 85' lang='grc' dir='ltr'><strong><em>σιγή</em></strong></span> <span class='ocrx_word' id='word_1_5' title='bbox 467 339 611 420; x_wconf 76' lang='grc' dir='ltr'><strong><em>τοσαύτη</em></strong></span> <span class='ocrx_word' id='word_1_6' title='bbox 625 335 782 419; x_wconf 83' lang='grc' dir='ltr'><strong><em>κατέλαβε</em></strong></span> <span class='ocrx_word' id='word_1_7' title='bbox 797 337 858 420; x_wconf 89' lang='grc' dir='ltr'><strong><em>τήν</em></strong></span> <span class='ocrx_word' id='word_1_8' title='bbox 874 336 1064 420; x_wconf 86' lang='grc' dir='ltr'><strong><em>ἐκκλησίαν,</em></strong></span> <span class='ocrx_word' id='word_1_9' title='bbox 1075 339 1158 402; x_wconf 86' lang='grc' dir='ltr'><strong><em>ὥστε</em></strong></span> 
     </span>
     <span class='ocr_line' id='line_1_3' title="bbox 143 439 1157 530; baseline -0.002 -20"><span class='ocrx_word' id='word_1_10' title='bbox 143 443 252 530; x_wconf 72' lang='grc' dir='ltr'><strong><em>μηθὲν</em></strong></span> <span class='ocrx_word' id='word_1_11' title='bbox 276 444 447 524; x_wconf 75' lang='grc' dir='ltr'><em>διαλλάξαι</em></span> <span class='ocrx_word' id='word_1_12' title='bbox 470 445 529 510; x_wconf 89' lang='grc' dir='ltr'><strong><em>τὸν</em></strong></span> <span class='ocrx_word' id='word_1_13' title='bbox 552 447 656 509; x_wconf 81' lang='grc' dir='ltr'><strong><em>τόπον</em></strong></span> <span class='ocrx_word' id='word_1_14' title='bbox 675 443 819 529; x_wconf 81' lang='grc' dir='ltr'><strong><em>ἐρημίας.</em></strong></span> <span class='ocrx_word' id='word_1_15' title='bbox 856 443 874 509; x_wconf 87' lang='grc' dir='ltr'>ὁ</span> <span class='ocrx_word' id='word_1_16' title='bbox 894 439 932 508; x_wconf 76' lang='grc' dir='ltr'><strong><em>δέ</em></strong></span> <span class='ocrx_word' id='word_1_17' title='bbox 949 445 991 509; x_wconf 89' lang='grc' dir='ltr'><strong><em>τά</em></strong></span> <span class='ocrx_word' id='word_1_18' title='bbox 1008 467 1044 509; x_wconf 88' lang='grc' dir='ltr'><strong><em>τε</em></strong></span> <span class='ocrx_word' id='word_1_19' title='bbox 1063 445 1157 527; x_wconf 80' lang='grc' dir='ltr'><strong><em>ἀλλα,</em></strong></span> 
     </span>
     <span class='ocr_line' id='line_1_4' title="bbox 142 545 1158 634; baseline -0.001 -18"><span class='ocrx_word' id='word_1_20' title='bbox 142 553 187 628; x_wconf 90' lang='grc' dir='ltr'><strong><em>ώς</em></strong></span> <span class='ocrx_word' id='word_1_21' title='bbox 210 545 340 617; x_wconf 80' lang='grc' dir='ltr'><strong><em>οἷόντε</em></strong></span> <span class='ocrx_word' id='word_1_22' title='bbox 363 547 421 633; x_wconf 77' lang='grc' dir='ltr'><strong><em>ἦν,</em></strong></span> <span class='ocrx_word' id='word_1_23' title='bbox 447 549 693 625; x_wconf 73' lang='grc' dir='ltr'><strong><em>πιθανωτάτοις</em></strong></span> <span class='ocrx_word' id='word_1_24' title='bbox 716 548 809 627; x_wconf 88' lang='grc' dir='ltr'><strong><em>ἐδοξε</em></strong></span> <span class='ocrx_word' id='word_1_25' title='bbox 831 552 1023 634; x_wconf 89' lang='grc' dir='ltr'><strong><em>χρήσασθαι</em></strong></span> <span class='ocrx_word' id='word_1_26' title='bbox 1047 553 1158 633; x_wconf 79' lang='grc' dir='ltr'><strong><em>λόγοις</em></strong></span> 
     </span>
     <span class='ocr_line' id='line_1_5' title="bbox 143 654 1158 741; baseline 0.001 -20"><span class='ocrx_word' id='word_1_27' title='bbox 143 655 198 722; x_wconf 80' lang='grc' dir='ltr'><strong><em>καὶ</em></strong></span> <span class='ocrx_word' id='word_1_28' title='bbox 234 667 294 723; x_wconf 91' lang='grc' dir='ltr'><strong><em>τοῦ</em></strong></span> <span class='ocrx_word' id='word_1_29' title='bbox 327 660 536 741; x_wconf 76' lang='grc' dir='ltr'><strong><em>βουλήματος</em></strong></span> <span class='ocrx_word' id='word_1_30' title='bbox 567 665 634 720; x_wconf 87' lang='grc' dir='ltr'><strong><em>τών</em></strong></span> <span class='ocrx_word' id='word_1_31' title='bbox 667 655 860 720; x_wconf 81' lang='grc' dir='ltr'><strong><em>ἀκουόντων</em></strong></span> <span class='ocrx_word' id='word_1_32' title='bbox 892 654 1158 740; x_wconf 78' lang='grc' dir='ltr'><strong><em>ἐστοχασμένοις,</em></strong></span> 
     </span>
     <span class='ocr_line' id='line_1_6' title="bbox 116 760 1159 847; baseline -0.001 -19"><span class='ocrx_word' id='word_1_33' title='bbox 116 768 305 828; x_wconf 70' lang='grc' dir='ltr'><strong><em>στελευτών</em></strong></span> <span class='ocrx_word' id='word_1_34' title='bbox 325 760 362 829; x_wconf 73' lang='grc' dir='ltr'><strong><em>δὲ</em></strong></span> <span class='ocrx_word' id='word_1_35' title='bbox 379 772 437 847; x_wconf 82' lang='grc' dir='ltr'><strong><em>της</em></strong></span> <span class='ocrx_word' id='word_1_36' title='bbox 456 764 661 847; x_wconf 77' lang='grc' dir='ltr'><strong><em>δημηγορίας</em></strong></span> <span class='ocrx_word' id='word_1_37' title='bbox 679 760 808 843; x_wconf 85' lang='grc' dir='ltr'><strong><em>λέγεται</em></strong></span> <span class='ocrx_word' id='word_1_38' title='bbox 826 763 939 845; x_wconf 89' lang='grc' dir='ltr'><strong><em>μῦθόν</em></strong></span> <span class='ocrx_word' id='word_1_39' title='bbox 957 785 1034 827; x_wconf 94' lang='grc' dir='ltr'><strong><em>τινα</em></strong></span> <span class='ocrx_word' id='word_1_40' title='bbox 1054 765 1159 827; x_wconf 81' lang='grc' dir='ltr'><strong><em>εἰπεῖν</em></strong></span> 
     </span>
     <span class='ocr_line' id='line_1_7' title="bbox 143 867 1203 954; baseline -0.006 -19"><span class='ocrx_word' id='word_1_41' title='bbox 143 872 190 946; x_wconf 88' lang='grc' dir='ltr'><strong><em>είς</em></strong></span> <span class='ocrx_word' id='word_1_42' title='bbox 208 871 267 935; x_wconf 87' lang='grc' dir='ltr'><strong><em>τὸν</em></strong></span> <span class='ocrx_word' id='word_1_43' title='bbox 281 871 473 935; x_wconf 89' lang='grc' dir='ltr'><strong><em>Αίσώπειον</em></strong></span> <span class='ocrx_word' id='word_1_44' title='bbox 486 872 614 954; x_wconf 78' lang='grc' dir='ltr'><strong><em>τρόπον</em></strong></span> <span class='ocrx_word' id='word_1_45' title='bbox 628 869 822 952; x_wconf 83' lang='grc' dir='ltr'><strong><em>συμπλάσας</em></strong></span> <span class='ocrx_word' id='word_1_46' title='bbox 835 869 963 951; x_wconf 83' lang='grc' dir='ltr'><strong><em>πολλὴν</em></strong></span> <span class='ocrx_word' id='word_1_47' title='bbox 979 867 1203 952; x_wconf 75' lang='grc' dir='ltr'><strong><em>δμοιότηταικι</em></strong></span> 
     </span>
     <span class='ocr_line' id='line_1_8' title="bbox 142 971 1159 1062; baseline 0.003 -23"><span class='ocrx_word' id='word_1_48' title='bbox 142 977 225 1061; x_wconf 89' lang='grc' dir='ltr'><strong><em>πρὸς</em></strong></span> <span class='ocrx_word' id='word_1_49' title='bbox 247 978 287 1040; x_wconf 87' lang='grc' dir='ltr'><strong><em>τά</em></strong></span> <span class='ocrx_word' id='word_1_50' title='bbox 310 978 485 1062; x_wconf 88' lang='grc' dir='ltr'><strong><em>πράγματα</em></strong></span> <span class='ocrx_word' id='word_1_51' title='bbox 508 978 641 1059; x_wconf 81' lang='grc' dir='ltr'><strong><em>ἔχοντα,</em></strong></span> <span class='ocrx_word' id='word_1_52' title='bbox 666 971 723 1039; x_wconf 80' lang='grc' dir='ltr'><strong><em>καὶ</em></strong></span> <span class='ocrx_word' id='word_1_53' title='bbox 745 975 852 1062; x_wconf 78' lang='grc' dir='ltr'><strong><em>τούτῳ</em></strong></span> <span class='ocrx_word' id='word_1_54' title='bbox 877 971 1006 1058; x_wconf 89' lang='grc' dir='ltr'><strong><em>μάλιστ’</em></strong></span> <span class='ocrx_word' id='word_1_55' title='bbox 1035 976 1159 1054; x_wconf 88' lang='grc' dir='ltr'><strong><em>αύτούς</em></strong></span> 
     </span>
     <span class='ocr_line' id='line_1_9' title="bbox 143 1078 1158 1166; baseline 0.001 -20"><span class='ocrx_word' id='word_1_56' title='bbox 143 1081 243 1147; x_wconf 85' lang='grc' dir='ltr'><strong><em>ἑλεῖν·</em></strong></span> <span class='ocrx_word' id='word_1_57' title='bbox 273 1084 356 1148; x_wconf 82' lang='grc' dir='ltr'><strong><em>ὅθεν</em></strong></span> <span class='ocrx_word' id='word_1_58' title='bbox 379 1080 434 1148; x_wconf 80' lang='grc' dir='ltr'><strong><em>καὶ</em></strong></span> <span class='ocrx_word' id='word_1_59' title='bbox 455 1083 585 1166; x_wconf 78' lang='grc' dir='ltr'><strong><em>μνήμης</em></strong></span> <span class='ocrx_word' id='word_1_60' title='bbox 609 1079 757 1158; x_wconf 82' lang='grc' dir='ltr'><strong><em>ἀξιοῦται</em></strong></span> <span class='ocrx_word' id='word_1_61' title='bbox 780 1079 798 1145; x_wconf 89' lang='grc' dir='ltr'>ὁ</span> <span class='ocrx_word' id='word_1_62' title='bbox 823 1082 923 1164; x_wconf 80' lang='grc' dir='ltr'><strong><em>λόγος</em></strong></span> <span class='ocrx_word' id='word_1_63' title='bbox 945 1078 1001 1145; x_wconf 81' lang='grc' dir='ltr'><strong><em>καὶ</em></strong></span> <span class='ocrx_word' id='word_1_64' title='bbox 1021 1080 1158 1166; x_wconf 83' lang='grc' dir='ltr'><strong><em>φέρεται</em></strong></span> 
     </span>
     <span class='ocr_line' id='line_1_10' title="bbox 143 1181 1157 1272; baseline 0.001 -20"><span class='ocrx_word' id='word_1_65' title='bbox 143 1187 180 1252; x_wconf 93' lang='grc' dir='ltr'><strong><em>ἐν</em></strong></span> <span class='ocrx_word' id='word_1_66' title='bbox 199 1187 341 1264; x_wconf 86' lang='grc' dir='ltr'><strong><em>άπάσαις</em></strong></span> <span class='ocrx_word' id='word_1_67' title='bbox 358 1200 430 1264; x_wconf 91' lang='grc' dir='ltr'><strong><em>ταῖς</em></strong></span> <span class='ocrx_word' id='word_1_68' title='bbox 448 1187 598 1271; x_wconf 84' lang='grc' dir='ltr'><strong><em>ἀρχαίαις</em></strong></span> <span class='ocrx_word' id='word_1_69' title='bbox 618 1187 787 1272; x_wconf 86' lang='grc' dir='ltr'><strong><em>ίστορίαις.</em></strong></span> <span class='ocrx_word' id='word_1_70' title='bbox 818 1181 861 1270; x_wconf 84' lang='grc' dir='ltr'><strong><em>ήν</em></strong></span> <span class='ocrx_word' id='word_1_71' title='bbox 880 1182 917 1251; x_wconf 73' lang='grc' dir='ltr'><strong><em>δὲ</em></strong></span> <span class='ocrx_word' id='word_1_72' title='bbox 935 1188 976 1251; x_wconf 87' lang='grc' dir='ltr'><strong><em>τά</em></strong></span> <span class='ocrx_word' id='word_1_73' title='bbox 994 1186 1157 1272; x_wconf 77' lang='grc' dir='ltr'><strong><em>λεχθέντα</em></strong></span> 
     </span>
     <span class='ocr_line' id='line_1_11' title="bbox 103 1273 1157 1386; baseline 0.003 -29"><span class='ocrx_word' id='word_1_74' title='bbox 103 1273 199 1386; x_wconf 62' lang='grc' dir='ltr'><strong><em>,ῗχῦπ</em></strong></span> <span class='ocrx_word' id='word_1_75' title='bbox 221 1292 325 1356; x_wconf 87' lang='grc' dir='ltr'><strong><em>αὐτοῦ</em></strong></span> <span class='ocrx_word' id='word_1_76' title='bbox 352 1292 473 1356; x_wconf 89' lang='grc' dir='ltr'><strong><em>τοιάδε.</em></strong></span> <span class='ocrx_word' id='word_1_77' title='bbox 513 1286 626 1375; x_wconf 89' lang='grc' dir='ltr'><strong><em>Ἡμεῖς</em></strong></span> <span class='ocrx_word' id='word_1_78' title='bbox 654 1292 881 1375; x_wconf 83' lang='grc' dir='ltr'><strong><em>ἀπεστάλημεν</em></strong></span> <span class='ocrx_word' id='word_1_79' title='bbox 908 1292 973 1357; x_wconf 86' lang='grc' dir='ltr'><strong><em>ὑπὸ</em></strong></span> <span class='ocrx_word' id='word_1_80' title='bbox 996 1303 1056 1378; x_wconf 80' lang='grc' dir='ltr'><strong><em>τῆς</em></strong></span> <span class='ocrx_word' id='word_1_81' title='bbox 1079 1298 1157 1378; x_wconf 91' lang='grc' dir='ltr'><strong><em>βον-</em></strong></span> 
     </span>
     <span class='ocr_line' id='line_1_12' title="bbox 142 1391 1157 1486; baseline 0.005 -26"><span class='ocrx_word' id='word_1_82' title='bbox 142 1401 211 1478; x_wconf 84' lang='grc' dir='ltr'><strong><em>λής,</em></strong></span> <span class='ocrx_word' id='word_1_83' title='bbox 235 1391 261 1460; x_wconf 86' lang='grc' dir='ltr'><strong><em>ώ</em></strong></span> <span class='ocrx_word' id='word_1_84' title='bbox 286 1397 437 1480; x_wconf 87' lang='grc' dir='ltr'><strong><em>δημόται,</em></strong></span> <span class='ocrx_word' id='word_1_85' title='bbox 460 1398 542 1482; x_wconf 88' lang='grc' dir='ltr'><strong><em>πρὸς</em></strong></span> <span class='ocrx_word' id='word_1_86' title='bbox 569 1397 650 1481; x_wconf 83' lang='grc' dir='ltr'><strong><em>ὑμᾶς</em></strong></span> <span class='ocrx_word' id='word_1_87' title='bbox 671 1398 747 1462; x_wconf 88' lang='grc' dir='ltr'><strong><em>ούτε</em></strong></span> <span class='ocrx_word' id='word_1_88' title='bbox 767 1397 1056 1482; x_wconf 85' lang='grc' dir='ltr'><strong><em>ἀπολογησόμενοι</em></strong></span> <span class='ocrx_word' id='word_1_89' title='bbox 1073 1396 1157 1486; x_wconf 75' lang='grc' dir='ltr'><strong><em>ὑπὲρ</em></strong></span> 
     </span>
     <span class='ocr_line' id='line_1_13' title="bbox 142 1501 1156 1591; baseline 0.005 -25"><span class='ocrx_word' id='word_1_90' title='bbox 142 1501 270 1586; x_wconf 80' lang='grc' dir='ltr'><strong><em>ἐκείνης</em></strong></span> <span class='ocrx_word' id='word_1_91' title='bbox 306 1503 382 1568; x_wconf 87' lang='grc' dir='ltr'><strong><em>ούτε</em></strong></span> <span class='ocrx_word' id='word_1_92' title='bbox 413 1504 509 1588; x_wconf 82' lang='grc' dir='ltr'><strong><em>ὑμῶν</em></strong></span> <span class='ocrx_word' id='word_1_93' title='bbox 540 1506 835 1589; x_wconf 79' lang='grc' dir='ltr'><strong><em>κατηγορήσοντες·</em></strong></span> <span class='ocrx_word' id='word_1_94' title='bbox 878 1504 919 1569; x_wconf 89' lang='grc' dir='ltr'><strong><em>ού</em></strong></span> <span class='ocrx_word' id='word_1_95' title='bbox 950 1506 1014 1591; x_wconf 87' lang='grc' dir='ltr'><strong><em>γάρ</em></strong></span> <span class='ocrx_word' id='word_1_96' title='bbox 1049 1507 1156 1572; x_wconf 84' lang='grc' dir='ltr'><strong><em>ἐδόκει</em></strong></span> 
     </span>
     <span class='ocr_line' id='line_1_14' title="bbox 141 1604 1156 1695; baseline 0.004 -22"><span class='ocrx_word' id='word_1_97' title='bbox 141 1617 244 1673; x_wconf 90' lang='grc' dir='ltr'><strong><em>ταῦτα</em></strong></span> <span class='ocrx_word' id='word_1_98' title='bbox 266 1611 385 1695; x_wconf 91' lang='grc' dir='ltr'><strong><em>καιρὸν</em></strong></span> <span class='ocrx_word' id='word_1_99' title='bbox 409 1612 496 1694; x_wconf 83' lang='grc' dir='ltr'><strong><em>ἔχειν</em></strong></span> <span class='ocrx_word' id='word_1_100' title='bbox 515 1604 588 1674; x_wconf 87' lang='grc' dir='ltr'><strong><em>οὐδ’</em></strong></span> <span class='ocrx_word' id='word_1_101' title='bbox 606 1605 691 1674; x_wconf 78' lang='grc' dir='ltr'><strong><em>εἶναι</em></strong></span> <span class='ocrx_word' id='word_1_102' title='bbox 709 1620 781 1688; x_wconf 88' lang='grc' dir='ltr'><strong><em>ταῖς</em></strong></span> <span class='ocrx_word' id='word_1_103' title='bbox 798 1612 1013 1695; x_wconf 82' lang='grc' dir='ltr'><strong><em>κατεχούσαις</em></strong></span> <span class='ocrx_word' id='word_1_104' title='bbox 1031 1613 1070 1677; x_wconf 90' lang='grc' dir='ltr'><strong><em>τὸ</em></strong></span> <span class='ocrx_word' id='word_1_105' title='bbox 1089 1637 1156 1678; x_wconf 89' lang='grc' dir='ltr'><strong><em>κοι-</em></strong></span> 
     </span>
     <span class='ocr_line' id='line_1_15' title="bbox 142 1714 1155 1804; baseline 0.006 -25"><span class='ocrx_word' id='word_1_106' title='bbox 142 1716 203 1780; x_wconf 89' lang='grc' dir='ltr'><strong><em>νὸν</em></strong></span> <span class='ocrx_word' id='word_1_107' title='bbox 230 1716 344 1800; x_wconf 84' lang='grc' dir='ltr'><strong><em>τύχαις</em></strong></span> <span class='ocrx_word' id='word_1_108' title='bbox 370 1719 561 1800; x_wconf 87' lang='grc' dir='ltr'><strong><em>πρόσφορα·</em></strong></span> <span class='ocrx_word' id='word_1_109' title='bbox 595 1714 677 1780; x_wconf 89' lang='grc' dir='ltr'><strong><em>άλλδι</em></strong></span> <span class='ocrx_word' id='word_1_110' title='bbox 705 1717 918 1794; x_wconf 87' lang='grc' dir='ltr'><strong><em>διαλύσοντες</em></strong></span> <span class='ocrx_word' id='word_1_111' title='bbox 941 1717 1052 1804; x_wconf 85' lang='grc' dir='ltr'><strong><em>άπάση</em></strong></span> <span class='ocrx_word' id='word_1_112' title='bbox 1076 1741 1155 1804; x_wconf 88' lang='grc' dir='ltr'><strong><em>προ-</em></strong></span> 
     </span>
     <span class='ocr_line' id='line_1_16' title="bbox 103 1820 1156 1907; baseline 0.011 -28"><span class='ocrx_word' id='word_1_113' title='bbox 103 1840 129 1880; x_wconf 80' lang='lat'><strong><em>15</em></strong></span> <span class='ocrx_word' id='word_1_114' title='bbox 143 1822 257 1906; x_wconf 75' lang='grc' dir='ltr'><strong><em>θυμία</em></strong></span> <span class='ocrx_word' id='word_1_115' title='bbox 280 1822 335 1886; x_wconf 80' lang='grc' dir='ltr'><strong><em>καὶ</em></strong></span> <span class='ocrx_word' id='word_1_116' title='bbox 362 1832 492 1907; x_wconf 78' lang='grc' dir='ltr'><strong><em>μηχανή</em></strong></span> <span class='ocrx_word' id='word_1_117' title='bbox 520 1822 581 1904; x_wconf 85' lang='grc' dir='ltr'><strong><em>τήν</em></strong></span> <span class='ocrx_word' id='word_1_118' title='bbox 609 1820 727 1887; x_wconf 89' lang='grc' dir='ltr'><strong><em>στάσιν</em></strong></span> <span class='ocrx_word' id='word_1_119' title='bbox 749 1821 804 1888; x_wconf 81' lang='grc' dir='ltr'><strong><em>καὶ</em></strong></span> <span class='ocrx_word' id='word_1_120' title='bbox 826 1826 1088 1907; x_wconf 87' lang='grc' dir='ltr'><strong><em>καταστήσοντες</em></strong></span> <span class='ocrx_word' id='word_1_121' title='bbox 1111 1829 1156 1902; x_wconf 90' lang='grc' dir='ltr'><strong><em>είς</em></strong></span> 
     </span>
     <span class='ocr_line' id='line_1_17' title="bbox 142 1927 1154 2014; baseline 0.006 -23"><span class='ocrx_word' id='word_1_122' title='bbox 142 1928 202 1991; x_wconf 88' lang='grc' dir='ltr'><strong><em>τὸν</em></strong></span> <span class='ocrx_word' id='word_1_123' title='bbox 226 1927 259 2006; x_wconf 81' lang='grc' dir='ltr'><strong><em>ἐξ</em></strong></span> <span class='ocrx_word' id='word_1_124' title='bbox 283 1928 384 2013; x_wconf 80' lang='grc' dir='ltr'><strong><em>ἀρχῆς</em></strong></span> <span class='ocrx_word' id='word_1_125' title='bbox 401 1931 528 2012; x_wconf 92' lang='grc' dir='ltr'><strong><em>κόσμον</em></strong></span> <span class='ocrx_word' id='word_1_126' title='bbox 546 1928 607 2011; x_wconf 88' lang='grc' dir='ltr'><strong><em>τήν</em></strong></span> <span class='ocrx_word' id='word_1_127' title='bbox 625 1932 805 2012; x_wconf 89' lang='grc' dir='ltr'><strong><em>πολιτείαν,</em></strong></span> <span class='ocrx_word' id='word_1_128' title='bbox 830 1932 960 2014; x_wconf 80' lang='grc' dir='ltr'><strong><em>ἔχοντες</em></strong></span> <span class='ocrx_word' id='word_1_129' title='bbox 979 1927 1016 1996; x_wconf 69' lang='grc' dir='ltr'><strong><em>δὲ</em></strong></span> <span class='ocrx_word' id='word_1_130' title='bbox 1035 1933 1154 1997; x_wconf 91' lang='grc' dir='ltr'><strong><em>τούτου</em></strong></span> 
     </span>
     <span class='ocr_line' id='line_1_18' title="bbox 141 2031 1153 2120; baseline 0.005 -23"><span class='ocrx_word' id='word_1_131' title='bbox 141 2033 204 2115; x_wconf 85' lang='grc' dir='ltr'><strong><em>τήν</em></strong></span> <span class='ocrx_word' id='word_1_132' title='bbox 236 2033 391 2112; x_wconf 79' lang='grc' dir='ltr'><strong><em>ἐξουσίαν</em></strong></span> <span class='ocrx_word' id='word_1_133' title='bbox 424 2034 660 2120; x_wconf 88' lang='grc' dir='ltr'><strong><em>αὐτοκράτορα.</em></strong></span> <span class='ocrx_word' id='word_1_134' title='bbox 707 2035 790 2099; x_wconf 83' lang='grc' dir='ltr'><strong><em>ώστε</em></strong></span> <span class='ocrx_word' id='word_1_135' title='bbox 817 2034 893 2118; x_wconf 87' lang='grc' dir='ltr'><strong><em>περὶ</em></strong></span> <span class='ocrx_word' id='word_1_136' title='bbox 922 2031 983 2119; x_wconf 71' lang='grc' dir='ltr'><strong><em>μὲν</em></strong></span> <span class='ocrx_word' id='word_1_137' title='bbox 1010 2048 1080 2102; x_wconf 86' lang='grc' dir='ltr'><strong><em>τών</em></strong></span> <span class='ocrx_word' id='word_1_138' title='bbox 1107 2039 1153 2102; x_wconf 93' lang='grc' dir='ltr'><strong><em>δι-</em></strong></span> 
     </span>
     <span class='ocr_line' id='line_1_19' title="bbox 141 2137 1154 2228; baseline 0.006 -25"><span class='ocrx_word' id='word_1_139' title='bbox 141 2142 246 2204; x_wconf 91' lang='grc' dir='ltr'><strong><em>καίων</em></strong></span> <span class='ocrx_word' id='word_1_140' title='bbox 270 2137 371 2206; x_wconf 71' lang='grc' dir='ltr'><strong><em>οὐδὲν</em></strong></span> <span class='ocrx_word' id='word_1_141' title='bbox 394 2140 436 2205; x_wconf 87' lang='grc' dir='ltr'><strong><em>ἀν</em></strong></span> <span class='ocrx_word' id='word_1_142' title='bbox 461 2143 602 2225; x_wconf 90' lang='grc' dir='ltr'><strong><em>οίόμεθα</em></strong></span> <span class='ocrx_word' id='word_1_143' title='bbox 625 2141 712 2224; x_wconf 87' lang='grc' dir='ltr'><strong><em>δεῖν,</em></strong></span> <span class='ocrx_word' id='word_1_144' title='bbox 737 2141 816 2227; x_wconf 84' lang='grc' dir='ltr'><strong><em>ὅπερ</em></strong></span> <span class='ocrx_word' id='word_1_145' title='bbox 837 2138 978 2218; x_wconf 85' lang='grc' dir='ltr'><strong><em>Ἰούνιος</em></strong></span> <span class='ocrx_word' id='word_1_146' title='bbox 1001 2142 1154 2228; x_wconf 86' lang='grc' dir='ltr'><strong><em>ἐποίησεν</em></strong></span> 
     </span>
     <span class='ocr_line' id='line_1_20' title="bbox 142 2241 1203 2339; baseline -0.006 -28"><span class='ocrx_word' id='word_1_147' title='bbox 142 2245 268 2329; x_wconf 87' lang='grc' dir='ltr'><strong><em>οὑτοσί,</em></strong></span> <span class='ocrx_word' id='word_1_148' title='bbox 288 2249 335 2324; x_wconf 87' lang='grc' dir='ltr'><strong><em>είς</em></strong></span> <span class='ocrx_word' id='word_1_149' title='bbox 353 2248 481 2334; x_wconf 88' lang='grc' dir='ltr'><strong><em>μακρὸν</em></strong></span> <span class='ocrx_word' id='word_1_150' title='bbox 500 2247 697 2339; x_wconf 76' lang='grc' dir='ltr'><strong><em>ἐκμηκύνερν</em></strong></span> <span class='ocrx_word' id='word_1_151' title='bbox 715 2250 853 2331; x_wconf 90' lang='grc' dir='ltr'><strong><em>χρόνον·</em></strong></span> <span class='ocrx_word' id='word_1_152' title='bbox 877 2244 930 2331; x_wconf 83' lang='grc' dir='ltr'><strong><em>ἐφ’</em></strong></span> <span class='ocrx_word' id='word_1_153' title='bbox 954 2241 1004 2324; x_wconf 80' lang='grc' dir='ltr'><strong><em>οἷς</em></strong></span> <span class='ocrx_word' id='word_1_154' title='bbox 1024 2246 1061 2315; x_wconf 74' lang='grc' dir='ltr'><strong><em>δὲ</em></strong></span> <span class='ocrx_word' id='word_1_155' title='bbox 1080 2255 1203 2334; x_wconf 68' lang='grc' dir='ltr'><strong><em>φιλ-νεώ</em></strong></span> 
     </span>
     <span class='ocr_line' id='line_1_21' title="bbox 82 2354 1152 2440; baseline 0 -19"><span class='ocrx_word' id='word_1_156' title='bbox 82 2371 127 2421; x_wconf 80' lang='lat'><strong><em>.²⁰</em></strong></span> <span class='ocrx_word' id='word_1_157' title='bbox 142 2354 336 2436; x_wconf 89' lang='grc' dir='ltr'><strong><em>ανθρώποις</em></strong></span> <span class='ocrx_word' id='word_1_158' title='bbox 356 2356 511 2419; x_wconf 90' lang='grc' dir='ltr'><strong><em>διαλῦσαι</em></strong></span> <span class='ocrx_word' id='word_1_159' title='bbox 533 2355 594 2437; x_wconf 85' lang='grc' dir='ltr'><strong><em>τήν</em></strong></span> <span class='ocrx_word' id='word_1_160' title='bbox 614 2354 729 2418; x_wconf 91' lang='grc' dir='ltr'><strong><em>στάσιν</em></strong></span> <span class='ocrx_word' id='word_1_161' title='bbox 744 2355 884 2437; x_wconf 89' lang='grc' dir='ltr'><strong><em>οίόμεθα</em></strong></span> <span class='ocrx_word' id='word_1_162' title='bbox 900 2355 984 2438; x_wconf 85' lang='grc' dir='ltr'><strong><em>δεῖν,</em></strong></span> <span class='ocrx_word' id='word_1_163' title='bbox 1002 2354 1059 2420; x_wconf 84' lang='grc' dir='ltr'><strong><em>καὶ</em></strong></span> <span class='ocrx_word' id='word_1_164' title='bbox 1071 2360 1120 2432; x_wconf 91' lang='grc' dir='ltr'><strong><em>τίς</em></strong></span> <span class='ocrx_word' id='word_1_165' title='bbox 1133 2356 1152 2440; x_wconf 83' lang='grc' dir='ltr'><strong><em>ή</em></strong></span> 
     </span>
     <span class='ocr_line' id='line_1_22' title="bbox 140 2459 1152 2547; baseline 0.007 -26"><span class='ocrx_word' id='word_1_166' title='bbox 140 2459 372 2541; x_wconf 78' lang='grc' dir='ltr'><strong><em>βεβαιώσουσα</em></strong></span> <span class='ocrx_word' id='word_1_167' title='bbox 386 2461 443 2535; x_wconf 88' lang='grc' dir='ltr'><strong><em>τάς</em></strong></span> <span class='ocrx_word' id='word_1_168' title='bbox 457 2459 636 2544; x_wconf 89' lang='grc' dir='ltr'><strong><em>ὁμολογίας</em></strong></span> <span class='ocrx_word' id='word_1_169' title='bbox 649 2459 743 2543; x_wconf 80' lang='grc' dir='ltr'><strong><em>ἡμῶν</em></strong></span> <span class='ocrx_word' id='word_1_170' title='bbox 757 2460 847 2524; x_wconf 84' lang='grc' dir='ltr'><strong><em>ἔσται</em></strong></span> <span class='ocrx_word' id='word_1_171' title='bbox 861 2462 979 2542; x_wconf 89' lang='grc' dir='ltr'><strong><em>πίστις,</em></strong></span> <span class='ocrx_word' id='word_1_172' title='bbox 994 2461 1071 2547; x_wconf 81' lang='grc' dir='ltr'><strong><em>περὶ</em></strong></span> <span class='ocrx_word' id='word_1_173' title='bbox 1080 2464 1152 2528; x_wconf 87' lang='grc' dir='ltr'><strong><em>τού-</em></strong></span> 
     </span>
     <span class='ocr_line' id='line_1_23' title="bbox 104 2564 1151 2653; baseline 0.003 -24"><span class='ocrx_word' id='word_1_174' title='bbox 104 2567 127 2630; x_wconf 88' lang='grc'>4</span> <span class='ocrx_word' id='word_1_175' title='bbox 140 2588 220 2647; x_wconf 91' lang='grc' dir='ltr'><strong><em>των,</em></strong></span> <span class='ocrx_word' id='word_1_176' title='bbox 235 2564 256 2629; x_wconf 83' lang='grc' dir='ltr'><strong><em>δ</em></strong></span> <span class='ocrx_word' id='word_1_177' title='bbox 271 2566 507 2650; x_wconf 83' lang='grc' dir='ltr'><strong><em>διεγνώκαμεν,</em></strong></span> <span class='ocrx_word' id='word_1_178' title='bbox 523 2564 664 2650; x_wconf 83' lang='grc' dir='ltr'><strong><em>ἐροῦμεν</em></strong></span> <span class='ocrx_word' id='word_1_179' title='bbox 678 2567 760 2652; x_wconf 91' lang='grc' dir='ltr'><strong><em>πρὸς</em></strong></span> <span class='ocrx_word' id='word_1_180' title='bbox 774 2565 867 2650; x_wconf 85' lang='grc' dir='ltr'><strong><em>ὑμᾶς.</em></strong></span> <span class='ocrx_word' id='word_1_181' title='bbox 892 2565 972 2650; x_wconf 85' lang='grc' dir='ltr'><strong><em>ήμῖν</em></strong></span> <span class='ocrx_word' id='word_1_182' title='bbox 987 2567 1151 2653; x_wconf 86' lang='grc' dir='ltr'><strong><em>ἐνθυμου-</em></strong></span> 
     </span>
     <span class='ocr_line' id='line_1_24' title="bbox 82 2668 1150 2758; baseline 0.006 -23"><span class='ocrx_word' id='word_1_183' title='bbox 82 2668 87 2678; x_wconf 91' lang='grc'><strong><em>’</em></strong></span> <span class='ocrx_word' id='word_1_184' title='bbox 141 2671 264 2755; x_wconf 83' lang='grc' dir='ltr'><strong><em>μένοις,</em></strong></span> <span class='ocrx_word' id='word_1_185' title='bbox 285 2672 335 2758; x_wconf 85' lang='grc' dir='ltr'><strong><em>ὅτι</em></strong></span> <span class='ocrx_word' id='word_1_186' title='bbox 354 2680 442 2736; x_wconf 84' lang='grc' dir='ltr'><strong><em>πᾶσα</em></strong></span> <span class='ocrx_word' id='word_1_187' title='bbox 460 2672 682 2757; x_wconf 74' lang='grc' dir='ltr'><strong><em>θεραπεύεται</em></strong></span> <span class='ocrx_word' id='word_1_188' title='bbox 701 2671 814 2748; x_wconf 88' lang='grc' dir='ltr'><strong><em>στάσις</em></strong></span> <span class='ocrx_word' id='word_1_189' title='bbox 829 2670 861 2749; x_wconf 83' lang='grc' dir='ltr'><strong><em>ἐξ</em></strong></span> <span class='ocrx_word' id='word_1_190' title='bbox 876 2670 1005 2756; x_wconf 84' lang='grc' dir='ltr'><strong><em>ἀπάσης</em></strong></span> <span class='ocrx_word' id='word_1_191' title='bbox 1018 2676 1150 2756; x_wconf 88' lang='grc' dir='ltr'><strong><em>πόλεως,</em></strong></span> 
     </span>
     <span class='ocr_line' id='line_1_25' title="bbox 141 2776 1150 2865; baseline 0.003 -24"><span class='ocrx_word' id='word_1_192' title='bbox 141 2777 221 2841; x_wconf 84' lang='grc' dir='ltr'><strong><em>ὅταν</em></strong></span> <span class='ocrx_word' id='word_1_193' title='bbox 241 2776 458 2860; x_wconf 82' lang='grc' dir='ltr'><strong><em>ἐξαιρεθῶσιν</em></strong></span> <span class='ocrx_word' id='word_1_194' title='bbox 477 2778 514 2842; x_wconf 70' lang='grc' dir='ltr'><strong><em>αι’</em></strong></span> <span class='ocrx_word' id='word_1_195' title='bbox 528 2786 757 2862; x_wconf 90' lang='grc' dir='ltr'><strong><em>παρασχοῦσαι</em></strong></span> <span class='ocrx_word' id='word_1_196' title='bbox 775 2778 838 2860; x_wconf 84' lang='grc' dir='ltr'><strong><em>τήν</em></strong></span> <span class='ocrx_word' id='word_1_197' title='bbox 857 2779 1027 2865; x_wconf 86' lang='grc' dir='ltr'><strong><em>διαφοράν</em></strong></span> <span class='ocrx_word' id='word_1_198' title='bbox 1042 2783 1150 2863; x_wconf 84' lang='grc' dir='ltr'><strong><em>αίτίαι,</em></strong></span> 
     </span>
    </p>
   </div>
   <div class='ocr_carea' id='block_1_3' title="bbox 140 3002 1149 3218">
    <p class='ocr_par' dir='ltr' id='par_1_3' title="bbox 140 3002 1149 3218">
     <span class='ocr_line' id='line_1_26' title="bbox 213 3002 1149 3074; baseline 0.003 -19"><span class='ocrx_word' id='word_1_199' title='bbox 213 3007 228 3055; x_wconf 84' lang='lat'><strong>2</strong></span> <span class='ocrx_word' id='word_1_200' title='bbox 248 3002 354 3072; x_wconf 76' lang='grc' dir='ltr'><strong><em>μηθενὶ</em></strong></span> <span class='ocrx_word' id='word_1_201' title='bbox 373 3003 447 3057; x_wconf 86' lang='lat' dir='ltr'><strong><em>ABb</em></strong></span> <span class='ocrx_word' id='word_1_202' title='bbox 484 3003 603 3074; x_wconf 82' lang='grc' dir='ltr'><strong><em>μηθενελ</em></strong></span> <span class='ocrx_word' id='word_1_203' title='bbox 621 3005 668 3057; x_wconf 78' lang='lat' dir='ltr'><strong><em>Ba</em></strong></span> <span class='ocrx_word' id='word_1_204' title='bbox 687 3021 755 3059; x_wconf 83' lang='lat' dir='ltr'>corr.</span> <span class='ocrx_word' id='word_1_205' title='bbox 770 3005 872 3059; x_wconf 80' lang='lat' dir='ltr'><strong>Portus</strong></span> <span class='ocrx_word' id='word_1_206' title='bbox 888 3010 892 3072; x_wconf 92' lang='grc' dir='ltr'>Ι</span> <span class='ocrx_word' id='word_1_207' title='bbox 908 3003 1015 3061; x_wconf 70' lang='grc' dir='ltr'><strong><em>τόπον</em></strong></span> <span class='ocrx_word' id='word_1_208' title='bbox 1034 3007 1081 3060; x_wconf 92' lang='lat' dir='ltr'><strong><em>Bb</em></strong></span> <span class='ocrx_word' id='word_1_209' title='bbox 1134 3012 1149 3058; x_wconf 89' lang='grc'>4</span> 
     </span>
     <span class='ocr_line' id='line_1_27' title="bbox 140 3072 1149 3147; baseline 0.002 -18"><span class='ocrx_word' id='word_1_210' title='bbox 140 3072 328 3147; x_wconf 87' lang='grc' dir='ltr'><strong><em>βουλεύματος</em></strong></span> <span class='ocrx_word' id='word_1_211' title='bbox 347 3074 369 3129; x_wconf 92' lang='grc' dir='ltr'>Ο</span> <span class='ocrx_word' id='word_1_212' title='bbox 407 3075 580 3145; x_wconf 85' lang='grc' dir='ltr'><strong><em>βουλήματος</em></strong></span> <span class='ocrx_word' id='word_1_213' title='bbox 598 3075 719 3144; x_wconf 81' lang='lat' dir='ltr'>Sylburg</span> <span class='ocrx_word' id='word_1_214' title='bbox 795 3082 812 3131; x_wconf 85' lang='grc'>8</span> <span class='ocrx_word' id='word_1_215' title='bbox 830 3076 945 3144; x_wconf 82' lang='grc' dir='ltr'><strong><em>ἠξίωται</em></strong></span> <span class='ocrx_word' id='word_1_216' title='bbox 965 3093 987 3131; x_wconf 86' lang='lat' dir='ltr'><strong><em>c.</em></strong></span> <span class='ocrx_word' id='word_1_217' title='bbox 1008 3077 1149 3146; x_wconf 83' lang='lat' dir='ltr'>Kiessling</span> 
     </span>
     <span class='ocr_line' id='line_1_28' title="bbox 141 3143 1149 3218; baseline 0.002 -18"><span class='ocrx_word' id='word_1_218' title='bbox 141 3153 173 3200; x_wconf 90' lang='lat'><strong><em>10</em></strong></span> <span class='ocrx_word' id='word_1_219' title='bbox 192 3144 247 3200; x_wconf 85' lang='grc' dir='ltr'><strong><em>ῦπδ</em></strong></span> <span class='ocrx_word' id='word_1_220' title='bbox 266 3153 315 3198; x_wconf 87' lang='grc' dir='ltr'><strong><em>τοῦ</em></strong></span> <span class='ocrx_word' id='word_1_221' title='bbox 334 3143 443 3198; x_wconf 84' lang='grc' dir='ltr'><strong><em>ὑπάτου</em></strong></span> <span class='ocrx_word' id='word_1_222' title='bbox 463 3145 485 3198; x_wconf 90' lang='grc' dir='ltr'>Ο</span> <span class='ocrx_word' id='word_1_223' title='bbox 504 3162 573 3201; x_wconf 85' lang='lat' dir='ltr'>corr.</span> <span class='ocrx_word' id='word_1_224' title='bbox 589 3145 710 3216; x_wconf 80' lang='lat' dir='ltr'>Sylburg</span> <span class='ocrx_word' id='word_1_225' title='bbox 766 3153 797 3201; x_wconf 74' lang='lat'><strong><em>18</em></strong></span> <span class='ocrx_word' id='word_1_226' title='bbox 817 3144 901 3201; x_wconf 74' lang='grc' dir='ltr'><strong><em>οὐδὲν</em></strong></span> <span class='ocrx_word' id='word_1_227' title='bbox 916 3147 1079 3218; x_wconf 83' lang='grc' dir='ltr'><strong><em>ἀνοιόμεθα</em></strong></span> <span class='ocrx_word' id='word_1_228' title='bbox 1092 3152 1149 3202; x_wconf 84' lang='grc' dir='ltr'><strong><em>δεῖν</em></strong></span> 
     </span>
    </p>
   </div>
   <div class='ocr_carea' id='block_1_4' title="bbox 132 3211 1150 3501">
    <p class='ocr_par' dir='ltr' id='par_1_4' title="bbox 132 3211 1150 3501">
     <span class='ocr_line' id='line_1_29' title="bbox 139 3211 1148 3309; baseline 0.004 -39"><span class='ocrx_word' id='word_1_229' title='bbox 139 3212 201 3270; x_wconf 82' lang='grc' dir='ltr'><strong><em>-ἐ</em></strong></span> <span class='ocrx_word' id='word_1_230' title='bbox 221 3215 352 3286; x_wconf 84' lang='grc' dir='ltr'><strong><em>μηκύνων</em></strong></span> <span class='ocrx_word' id='word_1_231' title='bbox 372 3219 394 3269; x_wconf 85' lang='grc' dir='ltr'>Ο</span> <span class='ocrx_word' id='word_1_232' title='bbox 426 3211 594 3286; x_wconf 80' lang='grc' dir='ltr'><strong><em>ἐκμηκύνειν</em></strong></span> <span class='ocrx_word' id='word_1_233' title='bbox 613 3217 735 3286; x_wconf 81' lang='lat' dir='ltr'><strong>Sylburg</strong></span> <span class='ocrx_word' id='word_1_234' title='bbox 763 3215 847 3272; x_wconf 76' lang='grc' dir='ltr'><strong><em>οὐδὲν</em></strong></span> <span class='ocrx_word' id='word_1_235' title='bbox 866 3215 993 3309; x_wconf 81' lang='grc' dir='ltr'><strong><em>δεύμεθα</em></strong></span> <span class='ocrx_word' id='word_1_236' title='bbox 1012 3217 1104 3289; x_wconf 74' lang='grc' dir='ltr'><strong><em>λέγειν</em></strong></span> <span class='ocrx_word' id='word_1_237' title='bbox 1119 3249 1148 3258; x_wconf 90' lang='grc'>-</span> 
     </span>
     <span class='ocr_line' id='line_1_30' title="bbox 139 3283 1150 3360; baseline 0.001 -18"><span class='ocrx_word' id='word_1_238' title='bbox 139 3283 305 3357; x_wconf 76' lang='grc' dir='ltr'><strong><em>ἐκμηκύνειν</em></strong></span> <span class='ocrx_word' id='word_1_239' title='bbox 324 3303 346 3340; x_wconf 84' lang='grc' dir='ltr'><strong><em>ο.</em></strong></span> <span class='ocrx_word' id='word_1_240' title='bbox 366 3285 511 3360; x_wconf 74' lang='lat' dir='ltr'>Kjessling</span> <span class='ocrx_word' id='word_1_241' title='bbox 529 3288 572 3342; x_wconf 83' lang='lat' dir='ltr'><strong><em>Pr.</em></strong></span> <span class='ocrx_word' id='word_1_242' title='bbox 592 3288 655 3342; x_wconf 76' lang='lat' dir='ltr'>Bae.</span> <span class='ocrx_word' id='word_1_243' title='bbox 675 3306 701 3356; x_wconf 87' lang='lat' dir='ltr'><strong><em>p.</em></strong></span> <span class='ocrx_word' id='word_1_244' title='bbox 724 3295 756 3342; x_wconf 90' lang='lat'><strong><em>19</em></strong></span> <span class='ocrx_word' id='word_1_245' title='bbox 835 3295 867 3342; x_wconf 89' lang='lat'><strong><em>19</em></strong></span> <span class='ocrx_word' id='word_1_246' title='bbox 887 3308 967 3351; x_wconf 86' lang='grc' dir='ltr'><strong><em>ουτος</em></strong></span> <span class='ocrx_word' id='word_1_247' title='bbox 986 3288 1069 3352; x_wconf 84' lang='grc' dir='ltr'><strong><em>εἰςΟ</em></strong></span> <span class='ocrx_word' id='word_1_248' title='bbox 1106 3291 1150 3345; x_wconf 80' lang='grc' dir='ltr'><strong><em>οῦ-</em></strong></span> 
     </span>
     <span class='ocr_line' id='line_1_31' title="bbox 138 3355 1148 3431; baseline 0.004 -19"><span class='ocrx_word' id='word_1_249' title='bbox 138 3357 199 3412; x_wconf 81' lang='grc' dir='ltr'><strong><em>τοσλ</em></strong></span> <span class='ocrx_word' id='word_1_250' title='bbox 222 3356 262 3418; x_wconf 85' lang='grc' dir='ltr'><strong><em>είς</em></strong></span> <span class='ocrx_word' id='word_1_251' title='bbox 285 3356 374 3412; x_wconf 78' lang='lat' dir='ltr'>Cobet</span> <span class='ocrx_word' id='word_1_252' title='bbox 397 3356 508 3426; x_wconf 59' lang='lat' dir='ltr'><strong>Obscp.</strong></span> <span class='ocrx_word' id='word_1_253' title='bbox 530 3364 581 3413; x_wconf 89' lang='lat'><strong><em>130</em></strong></span> <span class='ocrx_word' id='word_1_254' title='bbox 623 3359 717 3413; x_wconf 80' lang='grc' dir='ltr'><strong><em>οὑτοσὶ</em></strong></span> <span class='ocrx_word' id='word_1_255' title='bbox 740 3358 848 3429; x_wconf 84' lang='grc' dir='ltr'><strong><em>μακρὸν</em></strong></span> <span class='ocrx_word' id='word_1_256' title='bbox 872 3355 1044 3429; x_wconf 82' lang='grc' dir='ltr'><strong><em>ἐκμηκύνειν</em></strong></span> <span class='ocrx_word' id='word_1_257' title='bbox 1071 3359 1148 3431; x_wconf 87' lang='grc' dir='ltr'><strong><em>λόγον</em></strong></span> 
     </span>
     <span class='ocr_line' id='line_1_32' title="bbox 132 3429 986 3501; baseline 0.005 -20"><span class='ocrx_word' id='word_1_258' title='bbox 132 3429 283 3483; x_wconf 75' lang='grc' dir='ltr'><strong><em>Μευίκιιετ</em></strong></span> <span class='ocrx_word' id='word_1_259' title='bbox 298 3447 326 3501; x_wconf 88' lang='lat' dir='ltr'><strong><em>p.</em></strong></span> <span class='ocrx_word' id='word_1_260' title='bbox 344 3435 395 3486; x_wconf 78' lang='lat'><strong><em>269</em></strong></span> <span class='ocrx_word' id='word_1_261' title='bbox 983 3435 986 3439; x_wconf 88' lang='grc'><strong>’</strong></span> 
     </span>
    </p>
   </div>
   <div class='ocr_carea' id='block_1_5' title="bbox 0 0 1212 3840">
    <p class='ocr_par' dir='ltr' id='par_1_5' title="bbox 0 0 1212 3840">
     <span class='ocr_line' id='line_1_33' title="bbox 0 0 1212 3840; baseline 0 2"><span class='ocrx_word' id='word_1_262' title='bbox 0 0 1212 3840; x_wconf 95' lang='lat' dir='ltr'><strong><em> </em></strong></span> 
     </span>
    </p>
   </div>
  </div>
 </body>
</html>
