2414 3840
508 176 671 225 -Ε-
1033 168 1101 234 233

92 310 206 412 ἃἐμίαν
232 332 469 418 ὑπελάμβανον
491 335 742 416 καταλήψεσθαι
765 334 827 417 τήν
848 335 948 398 πόλιν
970 348 1100 417 συμφο-

89 431 165 522 (miv,
181 441 218 505 τὸ
237 437 274 505 δὲ
287 444 419 524 πλῆθος
434 439 584 526 ὠρρώδει
596 449 665 505 τών
678 440 859 524 πολεμίων·
882 436 938 503 καί
951 443 1100 525 πολλαχῇ

87 525 320 631 ὁιαπέμπουσα
338 545 492 632 πρέσβεις
509 546 686 630 παρεκάλει
704 547 761 623 τὰς
777 545 1027 630 πλησιοχώρους
1041 547 1100 610 πό-

81 637 156 729 λεις
177 651 230 718 έπὶ
253 654 454 739 συμμαχίαν,
478 651 832 738 ἀντιπρεσβευομένων
854 652 901 728 είς
923 653 980 741 τὰς
999 650 1101 729 αὐτάς

79 756 144 825 καί
167 771 235 829 τών
257 762 416 825 Λατίνων
442 758 628 850 καὶπολλὰ
650 767 708 843 τής
729 755 853 843 Ῥώμης
876 759 1128 844 κατηγορούνε

77 873 161 933 των.
200 865 352 954 Ἕρνικες
375 863 436 951 μέν
459 861 522 933 οὖν
540 875 636 951 κοινή
655 869 878 943 συνελθόντες
895 866 1026 932 όποπτα
1045 864 1137 936 nal?

29 957 188 1040 ⁹9⁶0&de
210 968 302 1057 ὑγιὲς
329 971 532 1058 ἀμφοτέραις
557 982 629 1049 ταῖς
656 974 845 1058 πρεσβείαις
868 970 1100 1058 ἀπεκρίναντο,

72 1082 314 1166 συμμαχήσειν
342 1076 404 1164 μὲν
427 1077 616 1164 οὐδετέροις
638 1076 791 1162 λέγοντες
813 1079 898 1143 κατὰ
919 1079 958 1142 τὸ
980 1080 1100 1164 παρόν,

66 1183 333 1262 βουλεύσεσθαι
370 1182 403 1250 δ’
435 1184 590 1271 ὁπότεροι
626 1185 816 1269 δικαιότερα
853 1183 983 1264 ἀξιοῦσι
1019 1187 1102 1251 κατά

65 1296 226 1381 σχολήν,
262 1300 303 1378 τῇ
336 1288 373 1357 δὲ
405 1296 511 1377 βουλή
541 1295 666 1378 χρόνον
699 1289 870 1357 ἐνιαύσιον
903 1290 1100 1358 ἀποδώσειν.
1115 1313 1144 1354 ιο

57 1384 229 1468 Ῥότολοι
251 1396 290 1465 δὲ
304 1400 464 1476 Λατίνοις
486 1394 547 1484 μὲν
571 1396 766 1485 ἐπικουρίαν
784 1397 927 1483 πέμψειν
945 1399 1136 1484 άντικρυςδ

61 1503 283 1590 ὑπέσχοντο,
302 1499 474 1591 Ῥωμαίοις
497 1501 529 1570 δ’
552 1504 610 1570 ἐάν
632 1508 829 1589 βουληθῶσι
848 1506 1101 1571 καταλύσασθαι

59 1616 140 1699 τήν
163 1614 303 1699 ἔχθραν,
324 1613 380 1677 διὰ
398 1622 495 1697 σφῶν
513 1610 754 1697 μετριωτέρους
766 1610 921 1696 παρέξειν
934 1613 1101 1687 Λατίνους

58 1720 218 1807 ἔφασαν
239 1716 294 1783 καὶ
308 1720 374 1796 ,τάς
392 1702 572 1803 συμβάσεις
590 1717 703 1794 αὐτοῖς
721 1717 914 1800 διαιτήσειν.
953 1716 1101 1781 Οὐολοῦ·

59 1845 159 1895 uxot
183 1821 224 1891 δὲ
245 1823 300 1891 καὶ
323 1825 508 1910 θαυμάζειν
526 1827 643 1907 έλεχον
662 1832 720 1908 τῆς
732 1821 903 1908 Ῥωμαίων
921 1824 1100 1907 ἀναισχυν-
1115 1843 1143 1885 ιε

58 1937 164 2016 τέως,
189 1931 243 1998 ότι
260 1932 450 2008 συνειδότες
468 1928 608 2014 ἑαυτοῖς,
627 1931 677 1996 ὅτι
695 1929 736 1995 τά
753 1929 784 1994 τ’
807 1931 890 1996 ἀλλα
910 1929 1102 2012 ήδικηκότες

59 2033 171 2125 ἦσαν
203 2037 326 2116 αὐτοὺς
355 2035 410 2103 καὶ
442 2039 482 2102 τδ
513 2041 685 2103 τελευταία
715 2036 785 2118 [ώς]
819 2046 877 2121 τῆς
904 2037 1013 2122 χώρας
1039 2035 1101 2118 τήν

60 2146 278 2233 κρατίστην,
294 2143 416 2221 αὐτοὺς
442 2142 643 2228 ἀφελόμενοι
670 2154 838 2228 κατεῖχον,
867 2137 968 2207 οὐδὲν
995 2137 1101 2226 ήσσον

60 2252 272 2337 ἐτόλμησαν
300 2247 353 2316 ἐπὶ
380 2253 569 2335 συμμαχίαν
597 2248 741 2337 ἐχθροὺς
768 2251 867 2327 ὄντας
888 2257 976 2333 σφᾶς
997 2269 1102 2336 παρα-

61 2364 216 2440 καλελν,
244 2357 490 2441 συνεβούλευόν
518 2353 549 2421 τ’
581 2355 694 2433 αὐτοῖς
717 2355 882 2421 ἀποδοῦσι
903 2354 966 2438 τήν
987 2356 1100 2440 χώραν
1115 2375 1144 2418 ιο

63 2470 158 2535 τότε
190 2458 270 2549 παρ’
305 2463 417 2529 αὐτῶν
448 2463 544 2547 <ώς>
577 2463 686 2546 φίλων
719 2461 869 2528 ἀπαιτεῖν
900 2462 942 2527 τά
978 2463 1098 2527 δίκαια.

72 2565 261 2657 Τυρρηνοί
284 2565 315 2633 δ’
338 2566 539 2654 ἀμφοτέροις
562 2567 718 2653 ἐμποδών
741 2567 909 2652 ἐγίνοντο,
931 2564 1101 2652 Ῥωμαίοις

67 2675 147 2762 μὲν
171 2675 321 2753 σπονδὰς
342 2672 517 2759 γεγονέναι
539 2673 693 2758 λέγοντες
716 2674 757 2740 οὐ
775 2676 839 2759 πρὸ
858 2679 996 2759 πολλοῦ,
1019 2676 1103 2762 πρὸς

10 2781 119 2853 θθδὲ
160 2783 370 2868 Ταρκυνίους
405 2779 604 2866 συγγένειαν
642 2776 728 2848 εἶναι
760 2783 857 2865 σφίσι
888 2780 944 2847 καλ
976 2785 1103 2866 φιλίαν.

160 2930 430 3011 ῙδπελάμβανονΒ
458 2936 637 3011 ὑπελάμβανε
652 2939 678 2992 R
731 2938 856 3002 ίαάτδις
869 2936 1001 3002 πόλειςΟ
1040 2955 1103 2994 rae-
1135 2943 1141 2951 ’

70 3009 173 3067 ῒωῐΒ
236 3011 320 3065 όκιιί
338 3011 404 3064 ante
423 3017 478 3064 τῶν
497 3009 562 3064 αδδ.
581 3009 630 3090 Β·
660 3007 820 3090 όβποπτα]
840 3008 951 3065 δπουλοι
969 3026 992 3063 ο.
1013 2956 1104 3065 &obet

74 3081 155 3138 obs.
173 3098 201 3150 p.
222 3086 274 3135 104
347 3085 380 3134 14
399 3079 479 3135 αότολ
502 3080 578 3149 quod
596 3078 767 3151 Klosshngio
791 3083 866 3134 teste
884 3080 907 3133 B
931 3080 1049 3151 praebet
1066 3111 1103 3122 —

73 3149 216 3206 Manium
234 3150 259 3205 si
277 3149 420 3220 sequimur
438 3152 534 3214 αὐτοῖς
547 3150 577 3204 in
590 3151 614 3204 B
629 3153 770 3206 exstat-
786 3151 841 3206 def.
856 3150 945 3206 Cobet
959 3150 1025 3206 Obs.
1041 3156 1101 3216 105,

77 3223 185 3286 αάτοῖς
202 3222 228 3276 Β,
309 3228 342 3278 15
361 3221 412 3291 τήν
430 3223 634 3292 ἀναισχυντίαν
652 3239 675 3277 ο.
696 3221 785 3278 Cobet
802 3222 821 3278 l.
840 3222 860 3276 l.
947 3227 980 3275 16
1000 3220 1054 3301 ὅτι]
1074 3219 1103 3275 οἳ

79 3310 112 3350 ω.
130 3292 235 3348 Βείελτε
317 3299 350 3347 17
369 3292 557 3418 τελευτὲμὴα
574 3292 605 3348 in
622 3309 677 3348 εει.
698 3299 712 3346 1
732 3293 789 3348 litt.
808 3292 831 3346 Β
848 3297 852 3362 Ι
868 3293 905 3355 ὡς
923 3290 978 3346 del.
997 3291 1101 3344 Rmske

81 3370 124 3423 21
142 3364 236 3421 αὐτῶν
255 3363 292 3427 ὡς
310 3365 400 3434 φίλων
419 3381 442 3418 c.
504 3363 565 3419 iske
647 3371 680 3420 22
701 3359 830 3420 ἐκποδών
849 3381 872 3419 ο.
891 3361 995 3417 Reiske
1011 3364 1015 3430 Ι
1031 3360 1103 3429 πρὸς

76 3429 237 3505 Ῥωμαίους
255 3432 307 3507 μὲν
326 3452 350 3491 ο.
370 3435 492 3504 sylburg
546 3442 581 3490 24
600 3437 679 3506 σφίσι
698 3431 772 3491 εἶναι
789 3435 815 3488 Α
852 3430 926 3490 εἶναι
945 3433 1024 3500 σφίσι
1042 3431 1064 3484 Β
