2414 3840
84 180 106 244 6
513 183 675 231 -Δ-

85 346 183 428 μόται
206 342 394 428 Ταρκύνιον
417 341 646 425 ἐπιμελεῖσθαι
669 351 736 406 τῶν
754 351 878 405 κοινῶν
900 339 921 423 ἢ
940 341 1097 405 Τύλλιον·

86 450 191 525 οὕτως
214 448 527 533 ἐξεθεραπεύθησαν
550 445 606 512 ὑπ’
635 448 738 512 αὐτοῦ
761 457 832 522 ταῖς
857 446 1066 532 εὐεργεσίαις.

62 544 111 637 >
151 553 227 618 IIII.
264 554 400 630 Φύσεως
427 578 462 618 τε
491 555 531 637 δη
555 554 759 638 μετειληφὼς
782 550 1001 638 ἀποχρώντως
1024 575 1099 617 κατ-

87 659 330 744 εσκευασμένης
357 661 440 745 πρὸς
466 659 650 744 ἡγεμονίαν
679 655 776 736 οὗτος
804 659 822 724 δ
851 658 935 745 άνηρ
963 657 1019 723 καί
1041 660 1099 735 τάς

57 767 175 849 επαρά
205 774 263 849 τῆς
289 767 390 849 τύχης
417 767 541 841 πολλάς
568 763 623 830 καὶ
650 766 794 849 μεγάλας
822 764 965 850 ἐσχηκὼς
994 766 1100 852 άφορ-

85 873 163 955 μάς,
192 871 305 955 ἐπειδὴ
328 877 520 954 τελευτῆσαι
543 870 667 955 συνέβη
695 871 883 957 Ταρκύνιον
906 871 1100 955 ἐπιβουλευ-

84 977 190 1043 θέντα
212 978 277 1043 ὑπὸ
300 989 368 1043 τῶν
381 977 506 1060 ’Ἆγκου
525 980 683 1062 Μαρκίου
706 978 836 1042 παίδων
859 976 1100 1043 ἀνασώσασθαι

84 1085 146 1168 τὴν
177 1093 239 1149 τού
271 1086 395 1170 πατρὸς
427 1084 532 1169 ἀρχὴν
559 1082 791 1167 βουλομένων,
825 1083 869 1160 ὡς
896 1084 933 1148 ἐν
959 1093 1006 1171 τῷ
1034 1087 1098 1168 πρὸ

84 1193 207 1256 τούτου
241 1193 412 1274 δεδήλωκα
444 1193 547 1278 λόγῳ,
581 1190 679 1269 δόξας
708 1190 772 1255 ὑπὸ
802 1201 870 1255 τῶν
896 1192 1099 1276 πραγμάτων

51 1317 72 1358 ιο
87 1297 198 1362 αὐτῶν
222 1295 276 1362 ἐπὶ
298 1299 360 1381 τὴν
383 1298 557 1379 βασιλείαν
579 1300 771 1380 καλεῖσθαι,
795 1299 993 1384 δραστήριος
1016 1298 1099 1383 ἀνὴρ

51 1407 71 1472 2
87 1402 148 1467 ούκ
171 1402 298 1486 άφηκεν
321 1401 443 1468 ἐκτῶν
461 1413 582 1489 χειρῶν
600 1404 660 1468 τὸν
679 1406 804 1488 καιρόν.
841 1403 862 1486 ἡ
883 1400 920 1468 δέ
939 1421 1100 1486 συγκατα-

85 1510 274 1574 σκευάσασα
297 1510 359 1592 την
381 1509 564 1593 ἡγεμονίαν
588 1509 676 1596 αύτῷ
700 1506 755 1573 καὶ
777 1510 913 1575 πάντων
937 1513 1025 1575 αίτία
1048 1534 1100 1592 γε-

83 1613 208 1699 νομένη
241 1625 308 1679 τῶν
341 1615 480 1698 ἀγαθῶν
508 1614 528 1697 η
557 1623 618 1679 τού
645 1619 912 1699 τετελευτηκότος
940 1616 1101 1699 βασιλέως

83 1717 128 1804 ἦν
149 1723 235 1805 γυνη
259 1725 397 1810 γαμβρῷ
421 1743 457 1785 τε
481 1721 762 1805 συλλαμβάνουσα
786 1723 860 1810 ίδίςο
884 1720 940 1787 καὶ
962 1722 999 1788 ἐκ
1020 1727 1100 1788 πολ-

51 1865 72 1908 ,ς
86 1833 155 1893 λῶν
178 1838 408 1910 συνεγνωκυῖα
430 1828 623 1911 θεσφάτων,
647 1828 698 1893 ὅτι
721 1832 915 1911 βασιλεῦσαι
929 1823 1099 1913 Ῥωμαίων

85 1934 215 1999 ἐκεῖνον
234 1936 293 1999 τὸν
312 1935 419 2019 άνδρα
439 1934 583 2019 εἵμαρτο.
621 1936 714 2018 ἐτυχε
731 1931 761 1999 δ’
780 1934 862 2018 αὐτῇ
880 1937 1015 2010 νεανίας
1033 1931 1151 2017 μδνολι

85 2039 159 2115 υίὸς
178 2039 219 2103 ού
238 2040 302 2124 πρὸ
321 2044 447 2104 πολλοῦ
466 2041 705 2123 τετελευτηκὼς
722 2043 857 2128 χρόνου,
882 2041 999 2105 παιδία
1018 2036 1048 2104 δ’
1067 2040 1100 2119 ἐξ

51 2149 71 2214 3
86 2143 215 2211 ἐκείνου
235 2147 297 2210 δύο
316 2149 418 2230 νηπια
432 2149 702 2230 καταλειπόμενα.
735 2145 972 2230 ἐνθυμουμένη
988 2144 1025 2212 δέ
1039 2149 1101 2230 την

85 2250 161 2337 περὶ
188 2253 247 2317 τὸν
271 2247 365 2318 οἷκον
389 2252 529 2340 ἐρημίαν
552 2251 607 2317 καὶ
630 2253 784 2339 περιδεὴς
806 2247 907 2334 οὖσα,
935 2253 979 2335 μη
1002 2276 1100 2318 κατα-

51 2397 71 2438 20
86 2361 221 2442 σχόντες
244 2360 279 2423 ολ
299 2359 449 2444 Μάρκιοι
471 2359 533 2442 την
556 2359 661 2444 ἀρχὴν
684 2360 829 2445 άρωνται
852 2358 892 2422 τά
909 2359 1025 2422 παιδία
1044 2356 1100 2422 καὶ

85 2474 196 2529 πάσαν
224 2465 286 2547 την
314 2465 491 2548 βασιλικὴν
515 2463 713 2549 συγγένειαν
736 2465 940 2551 ἀφανίσωσι,
968 2475 1101 2549 πρῶτον

85 2567 147 2654 μὲν
184 2568 315 2649 ἐπέταξε
347 2571 405 2646 τάς
436 2581 504 2636 τῶν
536 2575 714 2655 βασιλείων
745 2572 856 2656 θύρας
886 2575 1014 2635 κλεῖσαι
1046 2569 1101 2635 καί

86 2677 238 2761 φύλακας
266 2674 316 2740 ἐπ’
340 2676 456 2753 αύταλς
484 2675 640 2761 ἐπέστησε
669 2676 949 2761 διακελευσαμένη
973 2675 1101 2760 μηδένα

86 2781 241 2867 παριέναι
265 2780 338 2866 μήτ’
366 2786 430 2847 ἐσω
454 2778 529 2866 μήτ’
556 2782 645 2860 ἐξω·“
668 2778 767 2848 ἔπειτ’
789 2784 825 2848 ἐκ
847 2791 908 2848 τού
934 2784 1101 2866 δωματίου

51 2924 71 2966 25
85 2889 211 2965 πάντας
243 2887 393 2966 ἐξελθεῖν
425 2889 609 2953 κελεύσασα
640 2892 720 2966 τοὺς
752 2890 890 2972 ἄλλους,
923 2889 960 2954 ἐν
988 2880 1013 2976 ᾧ
1042 2891 1103 2954 τὸν

157 3087 173 3135 3
192 3081 377 3150 ἀποχρώντως
400 3079 659 3150 κατεσκευασμένης
681 3080 752 3149 πρὸς
769 3080 787 3150 ἡ
806 3083 923 3152 εμονίαν
943 3080 965 3134 Ο
989 3083 1103 3149 praeter

84 3152 107 3204 B
164 3159 196 3206 1⁷
216 3152 249 3206 ού
269 3152 333 3207 add.
352 3151 404 3203 AB
461 3157 493 3205 18
512 3151 763 3225 καταλ<ι>πόμενα
781 3102 804 3204 δ
821 3156 826 3220 Ι
841 3149 915 3206 δὲΟ
953 3150 989 3220 δὴ
1008 3151 1103 3206 Kiess·

80 3222 146 3292 ling
227 3229 262 3277 20
285 3224 421 3292 αἴρωνται
445 3222 467 3276 Ο
515 3221 639 3294 άροονται
663 3223 784 3292 Sylburg
809 3227 813 3291 Ι
838 3222 929 3293 άρδην
953 3240 974 3277 ο.
1000 3223 1103 3293 Pflugk

131 3301 163 3348 21
185 3292 332 3366 βασιλικ“ν
351 3292 427 3346 ABb
464 3293 625 3365 βασιλεικὴν
644 3293 690 3346 Ba
715 3296 719 3361 Ι
745 3291 994 3367 συγγέν<ε>ιανΒ
1069 3301 1102 3348 22

83 3362 190 3420 ἐκλεισε
217 3363 277 3418 sine
297 3313 416 3429 ἐπέταξε
441 3366 471 3417 ολ
493 3364 643 3419 κλεῖσαιΟ
666 3365 819 3433 praeterB
911 3370 946 3418 24
964 3363 1099 3435 παριέναι

84 3435 163 3488 ABb
200 3433 350 3506 παρειέναι
368 3435 434 3504 Bal
455 3433 524 3504 μήτε
542 3435 587 3490 bis
606 3435 629 3490 Ο
