2414 3840
105 209 148 276 48
532 215 696 262 -Δ-

105 374 167 459 χρή
183 375 350 451 Λατίνους
368 372 429 458 μὲν
447 383 515 438 τῶν
533 375 724 458 προσοίκων
743 376 857 460 άρχειν
875 371 931 439 καὶ
949 376 990 439 τά
1008 376 1122 441 δίκαια

105 479 234 544 τάττειν
249 476 413 562 Ἕλληνας
441 481 540 557 ὄντας
567 479 761 566 βαρβάροις·
793 477 975 565 Ῥωμαίους
998 477 1036 546 δὲ
1057 483 1122 566 τήν
1196 550 1200 556 ,

48 673 50 677 ,
106 584 262 650 ἁπάντων
280 587 438 651 Λατίνων
457 589 544 671 ἔχειν
562 589 768 671 προστασίαν
786 586 922 672 μεγέθει
939 610 975 655 τε
991 590 1123 668 πόλεως

105 693 313 777 προῦχοντας
339 690 394 758 καὶ
418 694 619 779 πραγμάτων
643 694 730 780 όγκω
753 691 809 759 καὶ
830 702 870 778 τῇ
893 696 1036 782 προνοίᾳ
1059 703 1122 761 τοῦ

70 825 83 866 5
107 801 284 884 δαιμονίου
311 802 475 886 κρείττονι
504 798 727 887 κεχρημένους
754 800 906 885 ἐκείνων,
935 796 979 866 δι’
1002 802 1045 885 ήν
1073 803 1123 880 είς

71 907 271 990 3τοσαύτηυ
308 905 506 990 ἐπιφάνειαν
537 912 721 993 προῆλθον.
767 915 904 972 τοιαῦτα
937 907 1176 987 θιεξελθὼνιοε

107 1013 350 1097 συνεβούλευεν
373 1011 486 1090 αὐτοῖς
509 1013 601 1100 ίερὸν
619 1015 746 1079 άσυλον
765 1013 829 1078 άπὸ
847 1023 972 1079 κοινῶν
992 1013 1122 1080 ἀναλω-

106 1120 218 1204 μάτων
248 1119 285 1185 ἐν
302 1116 409 1205 Ῥώμη
439 1112 766 1204 κατασκευάσασθαι,
794 1120 832 1186 ἐν
860 1111 885 1209 ᾧ
909 1121 1062 1187 θύσουσί
1080 1116 1118 1188 θ’

106 1227 144 1291 αί
168 1229 281 1304 πόλεις
309 1229 549 1311 συνερχόμεναι
576 1224 654 1292 καθ’
682 1225 822 1293 ἕκαστον
850 1226 1004 1293 ἐνιαυτὸν
1032 1229 1123 1307 ίδίας
1197 1257 1198 1260 “

71 1357 97 1396 1ο
106 1356 140 1397 τε
163 1331 219 1398 καὶ
241 1335 355 1410 κοινὰς
377 1335 502 1409 θυσίας
523 1331 578 1397 καὶ
600 1334 803 1422 πανηγύρεις
826 1332 979 1418 άξουσιν,
1008 1334 1046 1400 έν
1070 1327 1123 1413 οἷς

106 1439 148 1504 άν
176 1439 315 1522 ὁρίσωσι
344 1441 493 1527 χρόνοις,
521 1441 590 1521 καί,
620 1446 653 1504 εί
671 1463 703 1505 τι
725 1439 857 1523 γένοιτο
880 1444 1122 1527 πρόσκρουσμα

106 1546 221 1624 αύταίς
243 1549 326 1634 πρὸς
349 1547 501 1632 άλλήλας,
525 1545 651 1612 ἐκτῶν
674 1548 774 1633 ἱερῶν
818 1556 917 1612 τοῦτο
942 1548 1122 1614 διαλύσον-

105 1676 173 1737 ται,
207 1665 279 1730 ταῖς
310 1655 425 1731 άλλαις
456 1656 593 1719 πόλεσιν
623 1651 838 1739 ἐπιτρέψασαι
864 1654 905 1718 τά
932 1654 1122 1738 ἐγκλήματα

70 1762 297 1844 4όιαγνῶναι.
345 1759 475 1838 διεξιὼν
507 1768 610 1824 ταῦτα
641 1783 676 1824 τε
703 1758 758 1824 καὶ
786 1760 848 1824 ὅσα
875 1761 958 1824 άλλα
985 1759 1123 1838 έξουσιν

71 1890 96 1931 15
106 1867 218 1950 ἀγαθά
245 1868 486 1950 βουλευτήριον
514 1865 836 1950 ἐγκαταστησάμενοι
862 1865 987 1943 πάντας
1009 1869 1121 1934 ἔπεισε

105 1975 185 2050 τοὺς
208 1973 244 2039 ἐν
267 1981 313 2060 τῷ
337 1974 504 2060 συνεδρίω
528 1975 708 2057 παρόντας·
736 1969 791 2036 καὶ
809 1973 890 2057 μετά
908 1981 1007 2038 τοῦτο
1026 1996 1121 2039 κατε-

106 2081 267 2145 σκεύασεν
296 2079 328 2158 ἐξ
353 2073 400 2144 ὧν
423 2080 547 2144 ἅπασαι
570 2081 780 2162 συνήνεγκαν
804 2080 841 2144 αί
860 2082 972 2157 πόλεις
993 2081 1121 2166 χρημά-

105 2211 172 2252 των
191 2189 250 2252 τὸν
269 2195 327 2270 της
336 2183 527 2270 Ἀρτέμιδος
541 2185 639 2267 νεών,
662 2187 722 2250 τὸν
736 2182 789 2250 ἐπὶ
802 2193 863 2249 τοῦ
877 2188 1035 2268 μεγίστου
1049 2198 1175 2252 τῶντοο

106 2295 143 2361 έν
169 2304 208 2380 τη
231 2290 338 2380 Ῥώμη
366 2295 483 2377 λόφων
512 2288 692 2377 ἱδρυμένον
717 2290 919 2356 Αὐεντίνου·
956 2291 1013 2359 καὶ
1040 2294 1121 2371 τοὺς

70 2425 97 2465 ιο
106 2404 231 2486 νόμους
251 2400 439 2486 συνέγραψε
457 2409 530 2476 ταῖς
547 2401 662 2463 πόλεσι
681 2399 764 2483 πρὸς
781 2397 924 2481 ἀλλήλας
942 2396 998 2464 καὶ
1016 2393 1121 2465 τᾶλλα
1188 2476 1192 2482 ,

105 2510 145 2573 τά
168 2505 243 2592 περὶ
261 2507 323 2590 τήν
342 2504 461 2590 ἑορτήν
479 2503 535 2570 καὶ
552 2506 751 2589 πανήγυριν,
776 2504 816 2569 ὃν
830 2503 1121 2589 ἐπιτελεσθήσεται

69 2616 245 2699 ότρόπον,
279 2611 399 2690 ἔταξεν.
445 2612 501 2677 ἵνα
530 2606 567 2675 δὲ
594 2607 709 2694 μηθεὶς
735 2610 856 2693 χρόνος
883 2610 1005 2688 αύτούς
1033 2610 1120 2697 ἀφα-

105 2725 200 2806 νίση,
224 2722 348 2803 στήλην
369 2717 615 2793 κατασκευάσας
637 2720 762 2800 χαλκῆν
786 2717 931 2802 ἔγραψεν
955 2717 992 2782 έν
1014 2719 1119 2806 ταύτῃ

105 2829 145 2893 τά
167 2852 202 2893 τε
226 2828 369 2906 δόξαντα
392 2837 461 2903 τοῖς
484 2822 660 2910 συνέδροις
682 2819 738 2887 καὶ
760 2824 818 2900 τάς
840 2826 1039 2908 μετεχούσας
1062 2835 1120 2910 τής

176 2983 296 3049 λόντας
319 3002 373 3041 om.
392 2983 418 3036 A
498 2981 649 3052 4όγκωΒ
685 2979 779 3051 ὄγκοις
796 2979 822 3033 R
903 2983 1120 3052 ὅκρείττονιΒ

106 3063 231 3127 κρεῖττον
250 3056 276 3109 R
357 3060 390 3109 12
410 3052 529 3122 ἀλλήλας
547 3037 623 3107 ABb
661 3051 791 3120 ἀλλήλαις
808 3051 855 3105 Ba
875 3057 880 3120 Ι
901 3048 932 3107 έκ
955 3061 1011 3108 τῶν
1035 3052 1120 3125 ίερῶν

106 3130 268 3197 corruptum
290 3127 404 3182 videtur
421 3124 604 3194 Kiesslingio,
629 3123 678 3192 qui
697 3119 802 3178 ἐκτῶν
822 3125 888 3179 ίσων
906 3124 953 3180 vel
971 3125 1030 3180 tale
1049 3126 1120 3194 quid

105 3201 195 3254 latere
215 3198 373 3268 suspicatur
392 3193 423 3252 ἐκ
442 3205 497 3252 τῶν
516 3204 619 3251 κοινῶν
639 3212 661 3249 ο.
681 3195 808 3250 Schaller
829 3199 832 3263 Ι
852 3204 934 3250 τοῦτο
953 3196 976 3249 Β
1012 3197 1120 3252 τούτων

105 3273 131 3324 Α
167 3268 260 3340 νόμων
279 3287 302 3325 ο.
321 3268 425 3323 Reiske
490 3275 524 3322 14
541 3266 738 3337 διαγνῶναιΒ
775 3268 905 3321 διαλῦσαι
923 3267 949 3320 R
1020 3274 1055 3323 25
1075 3264 1121 3339 έγ-

106 3339 351 3410 καταστησάμενος
363 3339 439 3393 ABb
469 3335 499 3394 έν
514 3337 758 3408 καταστησάμενος
770 3337 816 3392 Ba
844 3333 1120 3409 ἐγκαταστησάμενοι

105 3414 131 3466 R
213 3418 246 3466 18
265 3411 361 3466 νεὼΒ
442 3418 476 3465 22
496 3408 527 3466 δὲ
547 3411 612 3465 add.
630 3410 678 3463 Bb
764 3416 797 3463 23
818 3406 1120 3479 ἔγραψεν..ἱηῆαο

104 3485 222 3551 remus)
237 3478 270 3536 έν
288 3483 375 3556 ταύτῃ
393 3482 428 3538 τά
447 3501 476 3537 τε
495 3480 618 3548 δόξαντα
636 3486 694 3544 τοῖς
711 3477 857 3550 συνέδροις
875 3500 892 3534 κ
911 3479 941 3534 in
958 3497 1013 3535 ras.
1033 3481 1056 3534 B
