<?xml version="1.0" encoding="UTF-8"?>
<!DOCTYPE html PUBLIC "-//W3C//DTD XHTML 1.0 Transitional//EN"
    "http://www.w3.org/TR/xhtml1/DTD/xhtml1-transitional.dtd">
<html xmlns="http://www.w3.org/1999/xhtml" xml:lang="en" lang="en">
 <head>
  <title>
</title>
<meta http-equiv="Content-Type" content="text/html;charset=utf-8" />
  <meta name='ocr-system' content='tesseract 3.04.00' />
  <meta name='ocr-capabilities' content='ocr_page ocr_carea ocr_par ocr_line ocrx_word'/>
</head>
<body>
  <div class='ocr_page' id='page_1' title='image "./dionysihalicarn02diongoog_0019.png"; bbox 0 0 2414 3840; ppageno 0'>
   <div class='ocr_carea' id='block_1_1' title="bbox 103 163 692 228">
    <p class='ocr_par' dir='ltr' id='par_1_1' title="bbox 103 163 692 228">
     <span class='ocr_line' id='line_1_1' title="bbox 103 163 692 228; baseline 0.002 -1"><span class='ocrx_word' id='word_1_1' title='bbox 103 163 146 228; x_wconf 89' lang='lat'><strong><em>10</em></strong></span> <span class='ocrx_word' id='word_1_2' title='bbox 529 168 692 216; x_wconf 81' lang='grc' dir='ltr'><strong><em>-Δ-</em></strong></span> 
     </span>
    </p>
   </div>
   <div class='ocr_carea' id='block_1_2' title="bbox 19 324 1155 2958">
    <p class='ocr_par' dir='ltr' id='par_1_2' title="bbox 19 324 1155 2958">
     <span class='ocr_line' id='line_1_2' title="bbox 101 324 1117 413; baseline 0.002 -23"><span class='ocrx_word' id='word_1_3' title='bbox 101 331 187 390; x_wconf 91' lang='grc' dir='ltr'><strong><em>λωσε</em></strong></span> <span class='ocrx_word' id='word_1_4' title='bbox 209 336 279 402; x_wconf 80' lang='grc' dir='ltr'><strong><em>τοῖς</em></strong></span> <span class='ocrx_word' id='word_1_5' title='bbox 302 334 446 411; x_wconf 86' lang='grc' dir='ltr'><strong><em>παροῦσι</em></strong></span> <span class='ocrx_word' id='word_1_6' title='bbox 468 328 547 402; x_wconf 84' lang='grc' dir='ltr'><strong><em>τοὺς</em></strong></span> <span class='ocrx_word' id='word_1_7' title='bbox 570 327 816 410; x_wconf 79' lang='grc' dir='ltr'><strong><em>βουλεύσαντας</em></strong></span> <span class='ocrx_word' id='word_1_8' title='bbox 840 324 892 391; x_wconf 84' lang='grc' dir='ltr'><strong><em>ἐπὶ</em></strong></span> <span class='ocrx_word' id='word_1_9' title='bbox 915 334 960 413; x_wconf 76' lang='grc' dir='ltr'><strong><em>τῷ</em></strong></span> <span class='ocrx_word' id='word_1_10' title='bbox 985 330 1117 410; x_wconf 77' lang='grc' dir='ltr'><strong><em>βασιλεῖ</em></strong></span> 
     </span>
     <span class='ocr_line' id='line_1_3' title="bbox 101 428 1110 519; baseline 0.002 -23"><span class='ocrx_word' id='word_1_11' title='bbox 101 433 161 497; x_wconf 91' lang='grc' dir='ltr'><strong><em>τὸν</em></strong></span> <span class='ocrx_word' id='word_1_12' title='bbox 189 435 312 515; x_wconf 83' lang='grc' dir='ltr'><strong><em>φόνον,</em></strong></span> <span class='ocrx_word' id='word_1_13' title='bbox 345 428 400 496; x_wconf 83' lang='grc' dir='ltr'><strong><em>καὶ</em></strong></span> <span class='ocrx_word' id='word_1_14' title='bbox 427 434 506 508; x_wconf 90' lang='grc' dir='ltr'><strong><em>τοὺς</em></strong></span> <span class='ocrx_word' id='word_1_15' title='bbox 534 430 587 496; x_wconf 81' lang='grc' dir='ltr'><strong><em>ἐπὶ</em></strong></span> <span class='ocrx_word' id='word_1_16' title='bbox 613 428 759 519; x_wconf 82' lang='grc' dir='ltr'><strong><em>τοῦργον</em></strong></span> <span class='ocrx_word' id='word_1_17' title='bbox 787 432 1031 509; x_wconf 77' lang='grc' dir='ltr'><strong><em>ἀποσταλέντας</em></strong></span> <span class='ocrx_word' id='word_1_18' title='bbox 1052 431 1110 498; x_wconf 86' lang='grc' dir='ltr'><strong><em>ὑπ’</em></strong></span> 
     </span>
     <span class='ocr_line' id='line_1_4' title="bbox 66 533 1155 623; baseline 0.003 -20"><span class='ocrx_word' id='word_1_19' title='bbox 66 538 213 603; x_wconf 84' lang='grc' dir='ltr'><strong><em>2αύτῶν</em></strong></span> <span class='ocrx_word' id='word_1_20' title='bbox 245 535 442 620; x_wconf 72' lang='grc' dir='ltr'><em>δεδεμένους</em></span> <span class='ocrx_word' id='word_1_21' title='bbox 473 540 679 623; x_wconf 89' lang='grc' dir='ltr'><strong><em>παρήγαγεν·</em></strong></span> <span class='ocrx_word' id='word_1_22' title='bbox 721 535 827 603; x_wconf 81' lang='grc' dir='ltr'><strong><em>ἔπειθ’</em></strong></span> <span class='ocrx_word' id='word_1_23' title='bbox 859 539 904 615; x_wconf 81' lang='grc' dir='ltr'><strong><em>ὡς</em></strong></span> <span class='ocrx_word' id='word_1_24' title='bbox 936 533 1004 604; x_wconf 84' lang='grc' dir='ltr'><strong><em>είδε</em></strong></span> <span class='ocrx_word' id='word_1_25' title='bbox 1026 545 1155 611; x_wconf 68' lang='grc' dir='ltr'><strong><em>πολ-6η</em></strong></span> 
     </span>
     <span class='ocr_line' id='line_1_5' title="bbox 101 642 1113 730; baseline 0.003 -22"><span class='ocrx_word' id='word_1_26' title='bbox 101 647 181 720; x_wconf 92' lang='grc' dir='ltr'><strong><em>λοὺς</em></strong></span> <span class='ocrx_word' id='word_1_27' title='bbox 204 643 478 729; x_wconf 78' lang='grc' dir='ltr'><strong><em>ὀλοφυρομένους</em></strong></span> <span class='ocrx_word' id='word_1_28' title='bbox 499 667 534 708; x_wconf 88' lang='grc' dir='ltr'><strong><em>τε</em></strong></span> <span class='ocrx_word' id='word_1_29' title='bbox 558 646 594 709; x_wconf 91' lang='grc' dir='ltr'><strong><em>τὸ</em></strong></span> <span class='ocrx_word' id='word_1_30' title='bbox 618 645 726 721; x_wconf 89' lang='grc' dir='ltr'><strong><em>πάθος</em></strong></span> <span class='ocrx_word' id='word_1_31' title='bbox 748 642 804 709; x_wconf 85' lang='grc' dir='ltr'><strong><em>καλ</em></strong></span> <span class='ocrx_word' id='word_1_32' title='bbox 827 655 896 721; x_wconf 85' lang='grc' dir='ltr'><strong><em>τοίς</em></strong></span> <span class='ocrx_word' id='word_1_33' title='bbox 916 646 1113 730; x_wconf 74' lang='grc' dir='ltr'><strong><em>δεδρακόσιν</em></strong></span> 
     </span>
     <span class='ocr_line' id='line_1_6' title="bbox 74 746 1113 834; baseline 0.008 -25"><span class='ocrx_word' id='word_1_34' title='bbox 74 749 367 834; x_wconf 81' lang='grc' dir='ltr'><strong><em>εάπεχθομένους,</em></strong></span> <span class='ocrx_word' id='word_1_35' title='bbox 395 754 580 815; x_wconf 81' lang='grc' dir='ltr'><strong><em>τελευτῶσα</em></strong></span> <span class='ocrx_word' id='word_1_36' title='bbox 607 746 699 815; x_wconf 82' lang='grc' dir='ltr'><strong><em>εἶπεν</em></strong></span> <span class='ocrx_word' id='word_1_37' title='bbox 727 747 829 815; x_wconf 74' lang='grc' dir='ltr'><strong><em>οὐδὲν</em></strong></span> <span class='ocrx_word' id='word_1_38' title='bbox 852 751 965 828; x_wconf 85' lang='grc' dir='ltr'><strong><em>αύτοίς</em></strong></span> <span class='ocrx_word' id='word_1_39' title='bbox 988 751 1023 817; x_wconf 90' lang='grc' dir='ltr'><strong><em>ἐκ</em></strong></span> <span class='ocrx_word' id='word_1_40' title='bbox 1045 764 1113 818; x_wconf 89' lang='grc' dir='ltr'><strong><em>τῶν</em></strong></span> 
     </span>
     <span class='ocr_line' id='line_1_7' title="bbox 102 855 1114 941; baseline 0.003 -21"><span class='ocrx_word' id='word_1_41' title='bbox 102 856 249 921; x_wconf 89' lang='grc' dir='ltr'><strong><em>ἀνοσίων</em></strong></span> <span class='ocrx_word' id='word_1_42' title='bbox 263 855 555 940; x_wconf 81' lang='grc' dir='ltr'><strong><em>ἐπιβουλευμάτων</em></strong></span> <span class='ocrx_word' id='word_1_43' title='bbox 568 856 744 939; x_wconf 89' lang='grc' dir='ltr'><strong><em>γεγονέναι</em></strong></span> <span class='ocrx_word' id='word_1_44' title='bbox 763 857 805 921; x_wconf 87' lang='grc' dir='ltr'><strong><em>οὐ</em></strong></span> <span class='ocrx_word' id='word_1_45' title='bbox 819 858 1019 941; x_wconf 77' lang='grc' dir='ltr'><strong><em>δυνηθεῖσιν</em></strong></span> <span class='ocrx_word' id='word_1_46' title='bbox 1034 858 1114 924; x_wconf 88' lang='grc' dir='ltr'><strong><em>ἀπο-</em></strong></span> 
     </span>
     <span class='ocr_line' id='line_1_8' title="bbox 100 959 1113 1048; baseline 0.004 -22"><span class='ocrx_word' id='word_1_47' title='bbox 100 972 225 1027; x_wconf 89' lang='grc' dir='ltr'><strong><em>κτείναι</em></strong></span> <span class='ocrx_word' id='word_1_48' title='bbox 253 964 450 1048; x_wconf 93' lang='grc' dir='ltr'><strong><em>Ταρκύνιον.</em></strong></span> <span class='ocrx_word' id='word_1_49' title='bbox 488 962 661 1046; x_wconf 73' lang='grc' dir='ltr'><strong><em>ἀγαπητῶς</em></strong></span> <span class='ocrx_word' id='word_1_50' title='bbox 690 959 727 1027; x_wconf 71' lang='grc' dir='ltr'><strong><em>δὲ</em></strong></span> <span class='ocrx_word' id='word_1_51' title='bbox 749 964 809 1028; x_wconf 90' lang='grc' dir='ltr'><strong><em>τὸν</em></strong></span> <span class='ocrx_word' id='word_1_52' title='bbox 832 966 933 1046; x_wconf 87' lang='grc' dir='ltr'><strong><em>λόγον</em></strong></span> <span class='ocrx_word' id='word_1_53' title='bbox 957 963 1113 1030; x_wconf 82' lang='grc' dir='ltr'><strong><em>ἁπάντων</em></strong></span> 
     </span>
     <span class='ocr_line' id='line_1_9' title="bbox 102 1067 1113 1154; baseline 0.003 -21"><span class='ocrx_word' id='word_1_54' title='bbox 102 1068 291 1154; x_wconf 81' lang='grc' dir='ltr'><strong><em>δεξαμένων</em></strong></span> <span class='ocrx_word' id='word_1_55' title='bbox 322 1071 396 1134; x_wconf 87' lang='grc' dir='ltr'><strong><em>τότε</em></strong></span> <span class='ocrx_word' id='word_1_56' title='bbox 428 1069 487 1133; x_wconf 91' lang='grc' dir='ltr'><strong><em>τὸν</em></strong></span> <span class='ocrx_word' id='word_1_57' title='bbox 520 1069 663 1133; x_wconf 85' lang='grc' dir='ltr'><strong><em>Τύλλιον</em></strong></span> <span class='ocrx_word' id='word_1_58' title='bbox 695 1067 809 1145; x_wconf 77' lang='grc' dir='ltr'><strong><em>αὐτοῖς</em></strong></span> <span class='ocrx_word' id='word_1_59' title='bbox 840 1071 1036 1152; x_wconf 80' lang='grc' dir='ltr'><strong><em>συνίστησιν</em></strong></span> <span class='ocrx_word' id='word_1_60' title='bbox 1069 1072 1113 1148; x_wconf 82' lang='grc' dir='ltr'><strong><em>ὡς</em></strong></span> 
     </span>
     <span class='ocr_line' id='line_1_10' title="bbox 100 1173 1112 1260; baseline 0.003 -20"><span class='ocrx_word' id='word_1_61' title='bbox 100 1175 165 1240; x_wconf 83' lang='grc' dir='ltr'><strong><em>ὑπὸ</em></strong></span> <span class='ocrx_word' id='word_1_62' title='bbox 196 1185 257 1240; x_wconf 86' lang='grc' dir='ltr'><strong><em>τοῦ</em></strong></span> <span class='ocrx_word' id='word_1_63' title='bbox 284 1173 446 1260; x_wconf 90' lang='grc' dir='ltr'><strong><em>βασιλέως</em></strong></span> <span class='ocrx_word' id='word_1_64' title='bbox 474 1174 653 1260; x_wconf 86' lang='grc' dir='ltr'><strong><em>ἐπίτροπον</em></strong></span> <span class='ocrx_word' id='word_1_65' title='bbox 681 1173 836 1240; x_wconf 83' lang='grc' dir='ltr'><strong><em>ἁπάντων</em></strong></span> <span class='ocrx_word' id='word_1_66' title='bbox 864 1185 931 1240; x_wconf 91' lang='grc' dir='ltr'><strong><em>τῶν</em></strong></span> <span class='ocrx_word' id='word_1_67' title='bbox 959 1173 987 1239; x_wconf 86' lang='grc' dir='ltr'><strong><em>τ’</em></strong></span> <span class='ocrx_word' id='word_1_68' title='bbox 1016 1179 1112 1243; x_wconf 83' lang='grc' dir='ltr'><strong><em>ἰδίων</em></strong></span> 
     </span>
     <span class='ocr_line' id='line_1_11' title="bbox 61 1278 1113 1369; baseline 0.009 -29"><span class='ocrx_word' id='word_1_69' title='bbox 61 1301 87 1340; x_wconf 85' lang='grc' dir='ltr'><strong><em>ιο</em></strong></span> <span class='ocrx_word' id='word_1_70' title='bbox 100 1278 154 1345; x_wconf 84' lang='grc' dir='ltr'><strong><em>καλ</em></strong></span> <span class='ocrx_word' id='word_1_71' title='bbox 189 1292 257 1346; x_wconf 92' lang='grc' dir='ltr'><strong><em>τῶν</em></strong></span> <span class='ocrx_word' id='word_1_72' title='bbox 288 1289 412 1346; x_wconf 80' lang='grc' dir='ltr'><strong><em>κοινῶν</em></strong></span> <span class='ocrx_word' id='word_1_73' title='bbox 443 1279 743 1365; x_wconf 88' lang='grc' dir='ltr'><strong><em>ἀποδεικνύμενον,</em></strong></span> <span class='ocrx_word' id='word_1_74' title='bbox 780 1280 842 1357; x_wconf 81' lang='grc' dir='ltr'><strong><em>ἕως</em></strong></span> <span class='ocrx_word' id='word_1_75' title='bbox 874 1280 972 1359; x_wconf 85' lang='grc' dir='ltr'><strong><em>αὐτὸς</em></strong></span> <span class='ocrx_word' id='word_1_76' title='bbox 1005 1282 1113 1369; x_wconf 83' lang='grc' dir='ltr'><strong><em>ῥαίση.</em></strong></span> 
     </span>
     <span class='ocr_line' id='line_1_12' title="bbox 65 1383 1114 1474; baseline 0.002 -21"><span class='ocrx_word' id='word_1_77' title='bbox 65 1391 85 1454; x_wconf 87' lang='grc'><strong>3</strong></span> <span class='ocrx_word' id='word_1_78' title='bbox 101 1387 118 1452; x_wconf 91' lang='grc' dir='ltr'>ὁ</span> <span class='ocrx_word' id='word_1_79' title='bbox 141 1383 203 1472; x_wconf 73' lang='grc' dir='ltr'><strong><em>μὲν</em></strong></span> <span class='ocrx_word' id='word_1_80' title='bbox 227 1383 289 1452; x_wconf 81' lang='grc' dir='ltr'><strong><em>οὖν</em></strong></span> <span class='ocrx_word' id='word_1_81' title='bbox 313 1388 417 1471; x_wconf 79' lang='grc' dir='ltr'><strong><em>δῆμος</em></strong></span> <span class='ocrx_word' id='word_1_82' title='bbox 435 1384 533 1472; x_wconf 79' lang='grc' dir='ltr'><strong><em>ἀπῄει</em></strong></span> <span class='ocrx_word' id='word_1_83' title='bbox 550 1388 730 1473; x_wconf 88' lang='grc' dir='ltr'><strong><em>περιχαρής</em></strong></span> <span class='ocrx_word' id='word_1_84' title='bbox 747 1391 938 1472; x_wconf 88' lang='grc' dir='ltr'><strong><em>γενόμενος,</em></strong></span> <span class='ocrx_word' id='word_1_85' title='bbox 962 1391 993 1454; x_wconf 89' lang='grc' dir='ltr'><strong><em>εί</em></strong></span> <span class='ocrx_word' id='word_1_86' title='bbox 1009 1388 1114 1474; x_wconf 75' lang='grc' dir='ltr'><strong><em>μηδὲν</em></strong></span> 
     </span>
     <span class='ocr_line' id='line_1_13' title="bbox 99 1491 1113 1580; baseline 0.003 -22"><span class='ocrx_word' id='word_1_87' title='bbox 99 1492 270 1559; x_wconf 77' lang='grc' dir='ltr'><strong><em>πέπονθεν</em></strong></span> <span class='ocrx_word' id='word_1_88' title='bbox 303 1493 320 1558; x_wconf 91' lang='grc' dir='ltr'>ὁ</span> <span class='ocrx_word' id='word_1_89' title='bbox 349 1495 504 1577; x_wconf 89' lang='grc' dir='ltr'><strong><em>βασιλεὺς</em></strong></span> <span class='ocrx_word' id='word_1_90' title='bbox 533 1495 661 1577; x_wconf 87' lang='grc' dir='ltr'><strong><em>δεινόν,</em></strong></span> <span class='ocrx_word' id='word_1_91' title='bbox 689 1491 745 1559; x_wconf 83' lang='grc' dir='ltr'><strong><em>καὶ</em></strong></span> <span class='ocrx_word' id='word_1_92' title='bbox 774 1494 870 1580; x_wconf 85' lang='grc' dir='ltr'><strong><em>μέχρι</em></strong></span> <span class='ocrx_word' id='word_1_93' title='bbox 897 1501 1025 1561; x_wconf 84' lang='grc' dir='ltr'><strong><em>πολλοῦ</em></strong></span> <span class='ocrx_word' id='word_1_94' title='bbox 1051 1498 1113 1580; x_wconf 82' lang='grc' dir='ltr'><strong><em>τήν</em></strong></span> 
     </span>
     <span class='ocr_line' id='line_1_14' title="bbox 100 1596 1114 1688; baseline 0.003 -24"><span class='ocrx_word' id='word_1_95' title='bbox 100 1599 202 1677; x_wconf 84' lang='grc' dir='ltr'><strong><em>δόξαν</em></strong></span> <span class='ocrx_word' id='word_1_96' title='bbox 233 1602 318 1684; x_wconf 84' lang='grc' dir='ltr'><strong><em>ἔχων</em></strong></span> <span class='ocrx_word' id='word_1_97' title='bbox 347 1600 472 1682; x_wconf 87' lang='grc' dir='ltr'><strong><em>ταύτην</em></strong></span> <span class='ocrx_word' id='word_1_98' title='bbox 500 1597 645 1665; x_wconf 82' lang='grc' dir='ltr'><strong><em>διετέλει.</em></strong></span> <span class='ocrx_word' id='word_1_99' title='bbox 688 1599 706 1664; x_wconf 84' lang='grc' dir='ltr'>ὁ</span> <span class='ocrx_word' id='word_1_100' title='bbox 735 1596 773 1664; x_wconf 71' lang='grc' dir='ltr'><strong><em>δὲ</em></strong></span> <span class='ocrx_word' id='word_1_101' title='bbox 804 1602 944 1678; x_wconf 92' lang='grc' dir='ltr'><strong><em>Τύλλιος</em></strong></span> <span class='ocrx_word' id='word_1_102' title='bbox 973 1603 1114 1688; x_wconf 80' lang='grc' dir='ltr'><strong><em>ἰσχυράν</em></strong></span> 
     </span>
     <span class='ocr_line' id='line_1_15' title="bbox 98 1703 1113 1792; baseline 0.004 -22"><span class='ocrx_word' id='word_1_103' title='bbox 98 1717 193 1791; x_wconf 79' lang='grc' dir='ltr'><strong><em>χεῖρα</em></strong></span> <span class='ocrx_word' id='word_1_104' title='bbox 219 1704 295 1791; x_wconf 79' lang='grc' dir='ltr'><strong><em>περὶ</em></strong></span> <span class='ocrx_word' id='word_1_105' title='bbox 324 1706 427 1772; x_wconf 87' lang='grc' dir='ltr'><strong><em>αὑτὸν</em></strong></span> <span class='ocrx_word' id='word_1_106' title='bbox 455 1708 540 1790; x_wconf 82' lang='grc' dir='ltr'><strong><em>ἔχων</em></strong></span> <span class='ocrx_word' id='word_1_107' title='bbox 567 1703 623 1770; x_wconf 81' lang='grc' dir='ltr'><strong><em>καὶ</em></strong></span> <span class='ocrx_word' id='word_1_108' title='bbox 648 1707 728 1783; x_wconf 87' lang='grc' dir='ltr'><strong><em>τοὺς</em></strong></span> <span class='ocrx_word' id='word_1_109' title='bbox 758 1705 967 1792; x_wconf 80' lang='grc' dir='ltr'><strong><em>ῥαβδούχους</em></strong></span> <span class='ocrx_word' id='word_1_110' title='bbox 995 1708 1113 1792; x_wconf 84' lang='grc' dir='ltr'><strong><em>ἐπαγό-</em></strong></span> 
     </span>
     <span class='ocr_line' id='line_1_16' title="bbox 60 1812 1112 1898; baseline 0.006 -25"><span class='ocrx_word' id='word_1_111' title='bbox 60 1831 85 1872; x_wconf 77' lang='lat'><strong><em>15</em></strong></span> <span class='ocrx_word' id='word_1_112' title='bbox 100 1836 199 1897; x_wconf 91' lang='grc' dir='ltr'><strong><em>μενος</em></strong></span> <span class='ocrx_word' id='word_1_113' title='bbox 226 1815 306 1889; x_wconf 80' lang='grc' dir='ltr'><strong><em>τοὺς</em></strong></span> <span class='ocrx_word' id='word_1_114' title='bbox 333 1814 526 1897; x_wconf 89' lang='grc' dir='ltr'><strong><em>βασιλικοὺς</em></strong></span> <span class='ocrx_word' id='word_1_115' title='bbox 552 1817 725 1897; x_wconf 79' lang='grc' dir='ltr'><strong><em>προῆλθεν</em></strong></span> <span class='ocrx_word' id='word_1_116' title='bbox 754 1815 801 1889; x_wconf 88' lang='grc' dir='ltr'><strong><em>είς</em></strong></span> <span class='ocrx_word' id='word_1_117' title='bbox 822 1815 884 1898; x_wconf 87' lang='grc' dir='ltr'><strong><em>τήν</em></strong></span> <span class='ocrx_word' id='word_1_118' title='bbox 901 1814 1034 1898; x_wconf 84' lang='grc' dir='ltr'><strong><em>ἀγοράν</em></strong></span> <span class='ocrx_word' id='word_1_119' title='bbox 1056 1812 1112 1879; x_wconf 83' lang='grc' dir='ltr'><strong><em>καλ</em></strong></span> 
     </span>
     <span class='ocr_line' id='line_1_17' title="bbox 98 1917 1113 2004; baseline 0.001 -21"><span class='ocrx_word' id='word_1_120' title='bbox 98 1921 177 1995; x_wconf 86' lang='grc' dir='ltr'><strong><em>τοὺς</em></strong></span> <span class='ocrx_word' id='word_1_121' title='bbox 200 1922 377 2003; x_wconf 87' lang='grc' dir='ltr'><strong><em>Μαρκίους</em></strong></span> <span class='ocrx_word' id='word_1_122' title='bbox 404 1917 580 2002; x_wconf 83' lang='grc' dir='ltr'><strong><em>ἐκήρυττεν</em></strong></span> <span class='ocrx_word' id='word_1_123' title='bbox 603 1919 697 2000; x_wconf 82' lang='grc' dir='ltr'><strong><em>ήκειν</em></strong></span> <span class='ocrx_word' id='word_1_124' title='bbox 720 1917 903 2004; x_wconf 79' lang='grc' dir='ltr'><strong><em>ὑφέξοντας</em></strong></span> <span class='ocrx_word' id='word_1_125' title='bbox 927 1920 1038 2004; x_wconf 90' lang='grc' dir='ltr'><strong><em>δίκην·</em></strong></span> <span class='ocrx_word' id='word_1_126' title='bbox 1068 1921 1113 1997; x_wconf 83' lang='grc' dir='ltr'><strong><em>ὡς</em></strong></span> 
     </span>
     <span class='ocr_line' id='line_1_18' title="bbox 101 2021 1112 2109; baseline 0.001 -20"><span class='ocrx_word' id='word_1_127' title='bbox 101 2021 132 2089; x_wconf 84' lang='grc' dir='ltr'><strong><em>δ’</em></strong></span> <span class='ocrx_word' id='word_1_128' title='bbox 151 2024 211 2109; x_wconf 88' lang='grc' dir='ltr'><strong><em>ούχ</em></strong></span> <span class='ocrx_word' id='word_1_129' title='bbox 230 2023 413 2107; x_wconf 83' lang='grc' dir='ltr'><strong><em>ὑπήκουον,</em></strong></span> <span class='ocrx_word' id='word_1_130' title='bbox 433 2022 630 2108; x_wconf 81' lang='grc' dir='ltr'><strong><em>ἐπικηρύξας</em></strong></span> <span class='ocrx_word' id='word_1_131' title='bbox 649 2023 763 2100; x_wconf 79' lang='grc' dir='ltr'><strong><em>αὐτοῖς</em></strong></span> <span class='ocrx_word' id='word_1_132' title='bbox 781 2024 910 2101; x_wconf 78' lang='grc' dir='ltr'><strong><em>ἀϊδίους</em></strong></span> <span class='ocrx_word' id='word_1_133' title='bbox 928 2027 1038 2109; x_wconf 84' lang='grc' dir='ltr'><strong><em>φυγάς</em></strong></span> <span class='ocrx_word' id='word_1_134' title='bbox 1056 2025 1112 2091; x_wconf 79' lang='grc' dir='ltr'><strong><em>καί</em></strong></span> 
     </span>
     <span class='ocr_line' id='line_1_19' title="bbox 98 2129 1111 2216; baseline 0.001 -21"><span class='ocrx_word' id='word_1_135' title='bbox 98 2132 156 2207; x_wconf 81' lang='grc' dir='ltr'><strong><em>τὰς</em></strong></span> <span class='ocrx_word' id='word_1_136' title='bbox 184 2131 300 2206; x_wconf 88' lang='grc' dir='ltr'><strong><em>οὐσίας</em></strong></span> <span class='ocrx_word' id='word_1_137' title='bbox 328 2129 506 2214; x_wconf 84' lang='grc' dir='ltr'><strong><em>ἀναλαβὼν</em></strong></span> <span class='ocrx_word' id='word_1_138' title='bbox 533 2132 581 2206; x_wconf 89' lang='grc' dir='ltr'><strong><em>είς</em></strong></span> <span class='ocrx_word' id='word_1_139' title='bbox 606 2131 644 2195; x_wconf 87' lang='grc' dir='ltr'><strong><em>τὸ</em></strong></span> <span class='ocrx_word' id='word_1_140' title='bbox 673 2131 836 2214; x_wconf 82' lang='grc' dir='ltr'><strong><em>δημόσιον</em></strong></span> <span class='ocrx_word' id='word_1_141' title='bbox 863 2129 1021 2214; x_wconf 88' lang='grc' dir='ltr'><strong><em>ἀσφαλῶς</em></strong></span> <span class='ocrx_word' id='word_1_142' title='bbox 1047 2134 1111 2216; x_wconf 89' lang='grc' dir='ltr'><strong><em>ήδη</em></strong></span> 
     </span>
     <span class='ocr_line' id='line_1_20' title="bbox 97 2236 684 2323; baseline -0.003 -21"><span class='ocrx_word' id='word_1_143' title='bbox 97 2239 159 2321; x_wconf 88' lang='grc' dir='ltr'><strong><em>τήν</em></strong></span> <span class='ocrx_word' id='word_1_144' title='bbox 186 2240 375 2323; x_wconf 88' lang='grc' dir='ltr'><strong><em>Ταρκυνίου</em></strong></span> <span class='ocrx_word' id='word_1_145' title='bbox 398 2247 547 2320; x_wconf 86' lang='grc' dir='ltr'><strong><em>κατείχεν</em></strong></span> <span class='ocrx_word' id='word_1_146' title='bbox 571 2236 684 2321; x_wconf 89' lang='grc' dir='ltr'><strong><em>ἀρχήν.</em></strong></span> 
     </span>
     <span class='ocr_line' id='line_1_21' title="bbox 29 2305 1112 2445; baseline 0.006 -42"><span class='ocrx_word' id='word_1_147' title='bbox 29 2339 85 2445; x_wconf 50' lang='lat' dir='ltr'><strong><em>q„⁹20</em></strong></span> <span class='ocrx_word' id='word_1_148' title='bbox 135 2305 166 2382; x_wconf 61' lang='lat' dir='ltr'><em>s</em></span> <span class='ocrx_word' id='word_1_149' title='bbox 165 2343 219 2409; x_wconf 88' lang='lat' dir='ltr'><strong><em>VI.</em></strong></span> <span class='ocrx_word' id='word_1_150' title='bbox 254 2344 425 2425; x_wconf 92' lang='grc' dir='ltr'><strong><em>Βούλομαι</em></strong></span> <span class='ocrx_word' id='word_1_151' title='bbox 454 2340 484 2407; x_wconf 86' lang='grc' dir='ltr'><strong><em>δ’</em></strong></span> <span class='ocrx_word' id='word_1_152' title='bbox 511 2342 687 2425; x_wconf 85' lang='grc' dir='ltr'><strong><em>ἐπιστήσας</em></strong></span> <span class='ocrx_word' id='word_1_153' title='bbox 713 2343 783 2440; x_wconf 86' lang='grc' dir='ltr'><strong><em>τὸν</em></strong></span> <span class='ocrx_word' id='word_1_154' title='bbox 800 2340 873 2425; x_wconf 78' lang='grc' dir='ltr'><strong><em>ἑξῆς</em></strong></span> <span class='ocrx_word' id='word_1_155' title='bbox 900 2345 1003 2425; x_wconf 89' lang='grc' dir='ltr'><strong><em>λόγον</em></strong></span> <span class='ocrx_word' id='word_1_156' title='bbox 1031 2343 1112 2409; x_wconf 90' lang='grc' dir='ltr'><strong><em>ἀπο-</em></strong></span> 
     </span>
     <span class='ocr_line' id='line_1_22' title="bbox 19 2446 1155 2536; baseline 0.002 -22"><span class='ocrx_word' id='word_1_157' title='bbox 19 2454 33 2506; x_wconf 75' lang='lat'><strong><em>·⁵</em></strong></span> <span class='ocrx_word' id='word_1_158' title='bbox 100 2451 221 2516; x_wconf 83' lang='grc' dir='ltr'><strong><em>δοῦναι</em></strong></span> <span class='ocrx_word' id='word_1_159' title='bbox 247 2452 305 2526; x_wconf 83' lang='grc' dir='ltr'><strong><em>τάς</em></strong></span> <span class='ocrx_word' id='word_1_160' title='bbox 332 2451 453 2531; x_wconf 85' lang='grc' dir='ltr'><strong><em>αίτίας,</em></strong></span> <span class='ocrx_word' id='word_1_161' title='bbox 481 2446 525 2513; x_wconf 85' lang='grc' dir='ltr'><strong><em>δι’</em></strong></span> <span class='ocrx_word' id='word_1_162' title='bbox 549 2449 587 2525; x_wconf 77' lang='grc' dir='ltr'><strong><em>ἃς</em></strong></span> <span class='ocrx_word' id='word_1_163' title='bbox 610 2450 687 2514; x_wconf 89' lang='grc' dir='ltr'><strong><em>ούτε</em></strong></span> <span class='ocrx_word' id='word_1_164' title='bbox 713 2452 828 2536; x_wconf 85' lang='grc' dir='ltr'><strong><em>Φαβίφ</em></strong></span> <span class='ocrx_word' id='word_1_165' title='bbox 853 2448 1155 2535; x_wconf 76' lang='grc' dir='ltr'><strong><em>συγκατεθέμην64’1</em></strong></span> 
     </span>
     <span class='ocr_line' id='line_1_23' title="bbox 100 2555 1113 2641; baseline 0.001 -21"><span class='ocrx_word' id='word_1_166' title='bbox 100 2556 177 2620; x_wconf 85' lang='grc' dir='ltr'><strong><em>ούτε</em></strong></span> <span class='ocrx_word' id='word_1_167' title='bbox 209 2566 278 2632; x_wconf 79' lang='grc' dir='ltr'><strong><em>τοῖς</em></strong></span> <span class='ocrx_word' id='word_1_168' title='bbox 311 2557 424 2630; x_wconf 87' lang='grc' dir='ltr'><strong><em>ἀλλοις</em></strong></span> <span class='ocrx_word' id='word_1_169' title='bbox 456 2556 649 2640; x_wconf 82' lang='grc' dir='ltr'><strong><em>ίστορικοῑς,</em></strong></span> <span class='ocrx_word' id='word_1_170' title='bbox 688 2555 762 2621; x_wconf 83' lang='grc' dir='ltr'><strong><em>ὅσοι</em></strong></span> <span class='ocrx_word' id='word_1_171' title='bbox 793 2556 984 2641; x_wconf 81' lang='grc' dir='ltr'><strong><em>γράφουσιν</em></strong></span> <span class='ocrx_word' id='word_1_172' title='bbox 1016 2558 1113 2634; x_wconf 86' lang='grc' dir='ltr'><strong><em>υίοὺς</em></strong></span> 
     </span>
     <span class='ocr_line' id='line_1_24' title="bbox 98 2657 1112 2747; baseline -0.003 -19"><span class='ocrx_word' id='word_1_173' title='bbox 98 2657 184 2728; x_wconf 80' lang='grc' dir='ltr'><strong><em>εἶναι</em></strong></span> <span class='ocrx_word' id='word_1_174' title='bbox 205 2665 285 2738; x_wconf 86' lang='grc' dir='ltr'><strong><em>τοὺς</em></strong></span> <span class='ocrx_word' id='word_1_175' title='bbox 307 2659 591 2744; x_wconf 79' lang='grc' dir='ltr'><strong><em>καταλειφθέντας</em></strong></span> <span class='ocrx_word' id='word_1_176' title='bbox 608 2663 730 2738; x_wconf 79' lang='grc' dir='ltr'><strong><em>παῖδας</em></strong></span> <span class='ocrx_word' id='word_1_177' title='bbox 747 2661 813 2726; x_wconf 83' lang='grc' dir='ltr'><strong><em>ὑπὸ</em></strong></span> <span class='ocrx_word' id='word_1_178' title='bbox 832 2664 1031 2747; x_wconf 82' lang='grc' dir='ltr'><strong><em>Ταρκυνίου,</em></strong></span> <span class='ocrx_word' id='word_1_179' title='bbox 1056 2663 1112 2726; x_wconf 77' lang='grc' dir='ltr'><strong><em>ἵνα</em></strong></span> 
     </span>
     <span class='ocr_line' id='line_1_25' title="bbox 76 2767 1112 2858; baseline 0 -25"><span class='ocrx_word' id='word_1_180' title='bbox 76 2772 143 2858; x_wconf 35' lang='grc' dir='ltr'><strong><em>’μή</em></strong></span> <span class='ocrx_word' id='word_1_181' title='bbox 165 2792 254 2845; x_wconf 87' lang='grc' dir='ltr'><strong><em>τινες</em></strong></span> <span class='ocrx_word' id='word_1_182' title='bbox 276 2778 343 2832; x_wconf 93' lang='grc' dir='ltr'><strong><em>τῶν</em></strong></span> <span class='ocrx_word' id='word_1_183' title='bbox 367 2767 507 2844; x_wconf 87' lang='grc' dir='ltr'><strong><em>ἐκείναις</em></strong></span> <span class='ocrx_word' id='word_1_184' title='bbox 531 2767 737 2850; x_wconf 84' lang='grc' dir='ltr'><strong><em>ἐντυχόντων</em></strong></span> <span class='ocrx_word' id='word_1_185' title='bbox 759 2777 832 2844; x_wconf 88' lang='grc' dir='ltr'><strong><em>ταίς</em></strong></span> <span class='ocrx_word' id='word_1_186' title='bbox 856 2768 1016 2853; x_wconf 88' lang='grc' dir='ltr'><strong><em>ίστορίαις</em></strong></span> <span class='ocrx_word' id='word_1_187' title='bbox 1039 2784 1112 2853; x_wconf 91' lang='grc' dir='ltr'><strong><em>σχε-</em></strong></span> 
     </span>
     <span class='ocr_line' id='line_1_26' title="bbox 59 2871 1112 2958; baseline 0.007 -26"><span class='ocrx_word' id='word_1_188' title='bbox 59 2892 83 2933; x_wconf 82' lang='lat'><strong><em>25</em></strong></span> <span class='ocrx_word' id='word_1_189' title='bbox 100 2875 223 2953; x_wconf 76' lang='grc' dir='ltr'><strong><em>διάξειν</em></strong></span> <span class='ocrx_word' id='word_1_190' title='bbox 247 2897 286 2958; x_wconf 90' lang='grc' dir='ltr'><strong><em>με</em></strong></span> <span class='ocrx_word' id='word_1_191' title='bbox 304 2873 519 2957; x_wconf 88' lang='grc' dir='ltr'><strong><em>ὑπολάβωσιν</em></strong></span> <span class='ocrx_word' id='word_1_192' title='bbox 538 2872 599 2957; x_wconf 86' lang='grc' dir='ltr'><strong><em>οὐχ</em></strong></span> <span class='ocrx_word' id='word_1_193' title='bbox 616 2874 728 2956; x_wconf 83' lang='grc' dir='ltr'><strong><em>νίοὺς,</em></strong></span> <span class='ocrx_word' id='word_1_194' title='bbox 753 2871 824 2938; x_wconf 86' lang='grc' dir='ltr'><strong><em>ἀλλ’</em></strong></span> <span class='ocrx_word' id='word_1_195' title='bbox 843 2875 988 2950; x_wconf 86' lang='grc' dir='ltr'><strong><em>υίωνοὺς</em></strong></span> <span class='ocrx_word' id='word_1_196' title='bbox 1008 2874 1112 2939; x_wconf 83' lang='grc' dir='ltr'><strong><em>αὐτοῦ</em></strong></span> 
     </span>
    </p>
   </div>
   <div class='ocr_carea' id='block_1_3' title="bbox 97 3062 1114 3488">
    <p class='ocr_par' dir='ltr' id='par_1_3' title="bbox 97 3062 1114 3488">
     <span class='ocr_line' id='line_1_27' title="bbox 169 3062 1114 3133; baseline -0.001 -13"><span class='ocrx_word' id='word_1_197' title='bbox 169 3073 185 3120; x_wconf 84' lang='grc'><strong><em>3</em></strong></span> <span class='ocrx_word' id='word_1_198' title='bbox 205 3067 247 3121; x_wconf 87' lang='grc' dir='ltr'><strong><em>ίδε</em></strong></span> <span class='ocrx_word' id='word_1_199' title='bbox 266 3065 313 3119; x_wconf 86' lang='lat' dir='ltr'><strong><em>Ba</em></strong></span> <span class='ocrx_word' id='word_1_200' title='bbox 349 3062 407 3120; x_wconf 81' lang='grc' dir='ltr'><strong><em>εἶδε</em></strong></span> <span class='ocrx_word' id='word_1_201' title='bbox 426 3065 501 3118; x_wconf 90' lang='lat' dir='ltr'><strong><em>ABb</em></strong></span> <span class='ocrx_word' id='word_1_202' title='bbox 518 3067 523 3132; x_wconf 92' lang='grc' dir='ltr'>Ι</span> <span class='ocrx_word' id='word_1_203' title='bbox 542 3065 608 3128; x_wconf 78' lang='grc' dir='ltr'><strong><em>τοὺς</em></strong></span> <span class='ocrx_word' id='word_1_204' title='bbox 625 3066 744 3128; x_wconf 77' lang='grc' dir='ltr'><strong><em>πολλοὺς</em></strong></span> <span class='ocrx_word' id='word_1_205' title='bbox 762 3082 784 3120; x_wconf 91' lang='grc' dir='ltr'><strong><em>ο.</em></strong></span> <span class='ocrx_word' id='word_1_206' title='bbox 805 3064 950 3133; x_wconf 80' lang='lat' dir='ltr'><strong>Kiessling</strong></span> <span class='ocrx_word' id='word_1_207' title='bbox 1022 3071 1038 3119; x_wconf 81' lang='lat'>5</span> <span class='ocrx_word' id='word_1_208' title='bbox 1059 3067 1114 3119; x_wconf 83' lang='grc' dir='ltr'><strong><em>ἀπ-</em></strong></span> 
     </span>
     <span class='ocr_line' id='line_1_28' title="bbox 100 3133 1112 3207; baseline -0.002 -15"><span class='ocrx_word' id='word_1_209' title='bbox 100 3134 272 3207; x_wconf 82' lang='grc' dir='ltr'><strong><em>εχθομένους</em></strong></span> <span class='ocrx_word' id='word_1_210' title='bbox 289 3138 312 3189; x_wconf 92' lang='grc' dir='ltr'><strong>Β</strong></span> <span class='ocrx_word' id='word_1_211' title='bbox 349 3134 604 3206; x_wconf 85' lang='grc' dir='ltr'><strong><em>ἀπεχθανομένους</em></strong></span> <span class='ocrx_word' id='word_1_212' title='bbox 622 3137 647 3189; x_wconf 87' lang='lat' dir='ltr'><strong>R</strong></span> <span class='ocrx_word' id='word_1_213' title='bbox 662 3141 666 3203; x_wconf 93' lang='grc' dir='ltr'>Ι</span> <span class='ocrx_word' id='word_1_214' title='bbox 684 3137 720 3199; x_wconf 82' lang='grc' dir='ltr'><strong><em>ὡς</em></strong></span> <span class='ocrx_word' id='word_1_215' title='bbox 738 3138 805 3190; x_wconf 75' lang='lat' dir='ltr'><strong><em>ante</em></strong></span> <span class='ocrx_word' id='word_1_216' title='bbox 830 3133 914 3190; x_wconf 75' lang='grc' dir='ltr'><strong><em>ούδὲν</em></strong></span> <span class='ocrx_word' id='word_1_217' title='bbox 934 3135 998 3190; x_wconf 79' lang='lat' dir='ltr'>add.</span> <span class='ocrx_word' id='word_1_218' title='bbox 1018 3136 1112 3191; x_wconf 80' lang='lat' dir='ltr'>Kiess-</span> 
     </span>
     <span class='ocr_line' id='line_1_29' title="bbox 97 3203 1113 3279; baseline 0.002 -18"><span class='ocrx_word' id='word_1_219' title='bbox 97 3208 159 3277; x_wconf 83' lang='lat' dir='ltr'>ling</span> <span class='ocrx_word' id='word_1_220' title='bbox 249 3207 447 3263; x_wconf 87' lang='grc' dir='ltr'><strong><em>6ἀνοσίωνΒ</em></strong></span> <span class='ocrx_word' id='word_1_221' title='bbox 485 3203 621 3262; x_wconf 81' lang='grc' dir='ltr'><strong><em>ἐναντίων</em></strong></span> <span class='ocrx_word' id='word_1_222' title='bbox 640 3208 689 3277; x_wconf 72' lang='grc' dir='ltr'><strong><em>ΕΙ</em></strong></span> <span class='ocrx_word' id='word_1_223' title='bbox 714 3208 909 3279; x_wconf 86' lang='grc' dir='ltr'><strong><em>βουλευμάτων</em></strong></span> <span class='ocrx_word' id='word_1_224' title='bbox 928 3207 951 3259; x_wconf 94' lang='grc' dir='ltr'>Β</span> <span class='ocrx_word' id='word_1_225' title='bbox 972 3211 976 3274; x_wconf 73' lang='lat' dir='ltr'>l</span> <span class='ocrx_word' id='word_1_226' title='bbox 997 3206 1113 3277; x_wconf 82' lang='grc' dir='ltr'><strong><em>γέγονεν</em></strong></span> 
     </span>
     <span class='ocr_line' id='line_1_30' title="bbox 97 3276 1112 3349; baseline 0 -16"><span class='ocrx_word' id='word_1_227' title='bbox 97 3280 149 3333; x_wconf 88' lang='lat' dir='ltr'><strong><em>AB</em></strong></span> <span class='ocrx_word' id='word_1_228' title='bbox 166 3282 170 3349; x_wconf 78' lang='grc' dir='ltr'>Ι</span> <span class='ocrx_word' id='word_1_229' title='bbox 187 3276 271 3333; x_wconf 76' lang='grc' dir='ltr'><strong><em>οὐδὲν</em></strong></span> <span class='ocrx_word' id='word_1_230' title='bbox 290 3276 375 3332; x_wconf 88' lang='grc' dir='ltr'><strong><em>πλέον</em></strong></span> <span class='ocrx_word' id='word_1_231' title='bbox 395 3295 417 3331; x_wconf 89' lang='lat' dir='ltr'><strong><em>c.</em></strong></span> <span class='ocrx_word' id='word_1_232' title='bbox 436 3277 541 3332; x_wconf 82' lang='lat' dir='ltr'>Reiske</span> <span class='ocrx_word' id='word_1_233' title='bbox 612 3285 643 3332; x_wconf 92' lang='lat'><strong><em>11</em></strong></span> <span class='ocrx_word' id='word_1_234' title='bbox 663 3279 748 3346; x_wconf 85' lang='grc' dir='ltr'><strong><em>ἀπείη</em></strong></span> <span class='ocrx_word' id='word_1_235' title='bbox 767 3279 814 3332; x_wconf 81' lang='lat' dir='ltr'><strong><em>Ba</em></strong></span> <span class='ocrx_word' id='word_1_236' title='bbox 850 3277 937 3346; x_wconf 83' lang='grc' dir='ltr'><strong><em>ἀπύει</em></strong></span> <span class='ocrx_word' id='word_1_237' title='bbox 955 3277 1031 3332; x_wconf 87' lang='lat' dir='ltr'><strong><em>ABb</em></strong></span> <span class='ocrx_word' id='word_1_238' title='bbox 1081 3286 1112 3333; x_wconf 87' lang='grc'><strong><em>13</em></strong></span> 
     </span>
     <span class='ocr_line' id='line_1_31' title="bbox 97 3345 1114 3473; baseline 0 -69"><span class='ocrx_word' id='word_1_239' title='bbox 97 3351 202 3472; x_wconf 53' lang='grc' dir='ltr'><strong><em>ταύτης)</em></strong></span> <span class='ocrx_word' id='word_1_240' title='bbox 224 3345 524 3473; x_wconf 51' lang='grc' dir='ltr'><strong><em>τήνέῠδόξανᾶέχωμΒΒ</em></strong></span> <span class='ocrx_word' id='word_1_241' title='bbox 617 3353 649 3402; x_wconf 80' lang='grc'><strong><em>15</em></strong></span> <span class='ocrx_word' id='word_1_242' title='bbox 669 3348 870 3422; x_wconf 79' lang='grc' dir='ltr'><strong><em>βασιλ&lt;ι&gt;κούς</em></strong></span> <span class='ocrx_word' id='word_1_243' title='bbox 888 3350 910 3402; x_wconf 94' lang='grc' dir='ltr'>Β</span> <span class='ocrx_word' id='word_1_244' title='bbox 1002 3357 1035 3404; x_wconf 79' lang='grc'><strong><em>22</em></strong></span> <span class='ocrx_word' id='word_1_245' title='bbox 1055 3357 1114 3411; x_wconf 79' lang='grc' dir='ltr'><strong><em>τοῖς</em></strong></span> 
     </span>
     <span class='ocr_line' id='line_1_32' title="bbox 98 3436 438 3488; baseline 0 -15"><span class='ocrx_word' id='word_1_246' title='bbox 98 3437 150 3475; x_wconf 89' lang='lat' dir='ltr'><strong><em>om.</em></strong></span> <span class='ocrx_word' id='word_1_247' title='bbox 320 3436 390 3488; x_wconf 76' lang='grc' dir='ltr'><strong><em>μεω</em></strong></span> <span class='ocrx_word' id='word_1_248' title='bbox 433 3462 438 3473; x_wconf 94' lang='grc'><strong>.</strong></span> 
     </span>
    </p>
   </div>
   <div class='ocr_carea' id='block_1_4' title="bbox 0 0 1212 3840">
    <p class='ocr_par' dir='ltr' id='par_1_4' title="bbox 0 0 1212 3840">
     <span class='ocr_line' id='line_1_33' title="bbox 0 0 1212 3840; baseline 0 0"><span class='ocrx_word' id='word_1_249' title='bbox 0 0 1212 3840; x_wconf 95' lang='lat' dir='ltr'><strong><em> </em></strong></span> 
     </span>
    </p>
   </div>
  </div>
 </body>
</html>
