2414 3840
530 194 693 243 -Δ-
1078 187 1121 254 53

102 353 351 440 μεταπέμπεταί
370 349 403 420 τ’
430 354 532 420 αὐτὸν
555 354 600 432 ὡς
623 351 707 439 ὑπὲρ
731 352 915 437 ἀναγκαίου
932 353 1123 438 πράγματος

101 460 337 546 διαλεξομένη,

168 568 342 635 XXVIIII.
375 567 431 635 καὶ
458 568 571 654 ἐπειδὴ
598 567 813 655 παρεγένετο,
846 575 1044 653 μεταστῆναι
1071 591 1122 633 κε-

102 678 252 742 λεύσασα
275 679 355 754 τοὺς
378 678 489 760 ἔνδον,
513 676 569 741 ἵνα
588 678 674 761 μόνη
694 675 884 760 διαλεχθείη
903 675 986 759 πρὸς
997 676 1120 760 μόνον,

98 775 183 869 Ἆρ’,
210 785 348 867 ἔφησεν,
372 779 398 848 ὦ
426 784 601 869 Ταρκύνιε,
625 783 706 867 μετὰ
728 785 913 868 παρρησίας
936 781 1045 861 ἒξεστί
1065 806 1153 868 μοις

102 887 159 955 καὶ
189 888 378 967 ἀκινδύνως
405 890 535 956 ἅπαντα
562 891 682 972 εἰπεῖν,
714 889 777 954 ὅσα
805 901 922 974 φρονῶ
952 887 1027 975 περὶ
1053 901 1121 955 τῶν

105 1003 203 1081 κοινῇ
228 998 482 1082 συμφερόντων,
505 993 560 1061 καὶ
582 993 734 1074 καθέξεις
757 995 816 1073 οὓς
839 994 881 1061 ἀν
904 994 1049 1082 ἀκούσης
1067 998 1121 1061 λό-

106 1127 201 1187 γουςς
218 1101 239 1186 ἢ
254 1111 385 1168 σιωπᾶν
400 1104 538 1188 ἀμεινόν
553 1101 626 1168 ἐστί
636 1126 693 1187 μοι
706 1100 762 1168 καὶ
776 1105 820 1188 μὴ
835 1102 951 1188 φέρειν
962 1105 1010 1181 είς
1019 1101 1122 1187 μέσον

105 1211 231 1294 βουλὰς
264 1208 488 1296 ἀπορρητουςς
520 1211 739 1287 κελεύσαντος
776 1207 812 1275 δὲ
839 1219 900 1275 τοῦ
933 1212 1157 1295 Ταρκυνίου2

105 1314 227 1402 λέγειν,
251 1316 270 1380 ὅ
295 1338 327 1382 τι
350 1317 515 1400 βούλεται,
538 1314 692 1402 καὶπερὶ
716 1325 777 1382 τοῦ
790 1315 945 1395 καθέξειν
960 1315 997 1382 έν
1012 1314 1117 1405 ἑαυτῷ
1129 1349 1156 1388 10

64 1426 184 1500 λωτοὺς
213 1426 336 1506 λόγους
362 1422 487 1500 πίστεις
515 1420 690 1501 ἐπιθέντος
714 1417 758 1488 δι’
780 1424 905 1511 ὅρκων,
930 1423 989 1501 οὓς
1011 1423 1121 1507 ἐκείνη

107 1539 301 1616 προῃρεῖτο,
336 1525 437 1595 οὐδέν
465 1533 514 1595 ἔτι
543 1531 764 1615 αἰσχυνθεῖσα
787 1528 875 1614 λέγει
897 1532 981 1615 πρὸς
1004 1530 1121 1596 αὐτόν·

108 1634 219 1722 Μέχρι
246 1638 354 1718 τίνος,
383 1632 409 1700 ὦ
437 1637 615 1721 Ταρκύνιε,
643 1645 701 1720 τῆς
729 1640 898 1721 βασιλείας
921 1637 1121 1722 ἀποστερού-

109 1767 205 1828 μενος
224 1739 405 1827 ἀνέχεσθαι
425 1744 558 1828 διανοης
581 1744 724 1830 πότερον
743 1741 779 1807 έκ
793 1754 958 1808 ταπεινῶν
972 1740 1027 1807 καὶ
1042 1741 1121 1824 ἀση-

108 1865 179 1935 μων
211 1852 297 1935 ἔφυς
327 1852 507 1936 προγόνων
537 1847 593 1915 καὶ
626 1850 682 1915 διὰ
712 1847 803 1915 τοῦτ’
840 1849 901 1916 οὐκ
933 1849 1038 1928 ἀξιοῖς
1069 1845 1158 1919 έπὶιε

108 1965 234 2045 σεαυτῷ
263 1955 347 2042 μέγα
376 1966 531 2042 φρονείν;
564 1956 648 2022 ἀλλά
675 1958 796 2033 πάντες
824 1962 951 2040 ίσασιν,
978 1957 1030 2023 ὅτι
1053 1968 1123 2033 τοῖς

109 2061 167 2148 μὲν
196 2065 349 2150 ἀρχαίοις
375 2064 470 2148 ὑμῶν
498 2066 679 2149 προγόνοις
697 2061 855 2148 Ἕλλησιν
883 2058 960 2129 οὖσι
982 2061 1037 2128 καὶ
1060 2058 1118 2148 ἀφ’

103 2166 307 2257 Ἡρακλέους
334 2172 489 2254 γεγονόσι
517 2179 575 2254 τῆς
605 2169 803 2254 εὐδαίμονος
826 2169 922 2257 ἀρξαι
944 2172 1122 2255 Κορίνθου

108 2279 166 2362 τὴν
186 2278 417 2363 αὐτοκράτορα
432 2276 577 2363 ὑπῆρξεν
591 2276 696 2363 ἀρχὴν
711 2274 764 2342 ἐπὶ
777 2277 916 2359 πολλάς,
940 2276 985 2352 ὡς
998 2273 1121 2357 ἀκούω,

106 2386 234 2468 γενεάς·
272 2394 318 2472 τῷ
343 2383 380 2450 δὲ
402 2385 523 2473 πάππφ
547 2400 611 2450 σου
629 2386 805 2472 Ταρκυνίῳ
828 2380 1042 2470 μεταθεμένῳ
1060 2383 1157 2466 τὴνεο

107 2498 238 2577 οἴκησιν
266 2491 302 2558 ἐκ
329 2495 513 2577 Τυρρηνῶν
540 2492 662 2575 ταύτης
689 2494 884 2574 βασιλεῦσαι
911 2497 969 2574 τῆς
995 2491 1122 2568 πόλεως

107 2597 272 2684 ἐξεγένετο
306 2596 350 2664 δι’
372 2599 507 2684 ἀρετήν·
540 2593 582 2663 οὗ
614 2600 656 2662 σὺ
687 2601 910 2683 κληρονομεῖν
943 2597 983 2662 οὐ
1016 2599 1121 2682 μόνον

105 2716 171 2772 τῶν
199 2707 393 2792 χρημάτων,
422 2702 583 2770 ἀλλὰκαὶ
605 2713 663 2788 τῆς
685 2708 853 2788 βασιλείας
877 2704 1022 2790 ὀφείλεις
1043 2727 1121 2789 πρε-

106 2815 268 2896 σβύτερος
295 2812 418 2889 υἱωνὸς
442 2812 498 2876 ῶν.
544 2810 564 2894 ἢ
593 2812 743 2895 σώματος
771 2812 833 2876 οὐκ
861 2814 973 2897 ἔτυχες
1003 2810 1156 2878 ίκανοῦδ

104 2921 279 3007 πράττειν,
308 2919 370 2984 ὅσα
398 2923 531 3003 βασιλεῖ
550 2927 710 3004 προσῆκε,
739 2915 782 2983 δι’
805 2916 985 2985 ἀσθένειάν
1007 2943 1043 2985 τε
1065 2916 1156 2986 καίεο

58 3025 292 3112 714ἀμορφίαν;
326 3024 408 3091 ἀλλά
436 3027 494 3090 σοί
517 3049 555 3110 γε
577 3022 632 3091 καὶ
656 3024 748 3111 ῥύμη
776 3025 945 3110 πάρεστιν,
974 3026 1029 3092 οἵα
1051 3037 1121 3104 τοῖς

178 3261 211 3310 12
231 3259 382 3324 προηγεῖτο
397 3270 419 3308 ο.
434 3253 548 3308 Κὸελλίιι
561 3252 727 3322 Philologus
740 3255 808 3308 tom.
823 3251 938 3308 XXXIV
951 3271 978 3322 p.
990 3259 1041 3306 756
1086 3255 1119 3302 13

102 3323 330 3396 ἀποστερύμενος
349 3323 437 3379 Cobet
455 3323 521 3380 obs.
539 3342 566 3393 p.
582 3331 616 3379 83
684 3329 718 3378 25
736 3331 877 3396 προσῆκε.
895 3324 918 3376 Β
942 3322 1041 3375 accent
1067 3318 1120 3371 cir·

103 3397 231 3452 cumflex.
258 3395 324 3449 add.
347 3395 394 3450 Bb
429 3395 565 3466 προσήκει
589 3393 733 3464 Kiessling
822 3401 856 3448 26
879 3391 1012 3459 πάρεστιν
1036 3386 1119 3456 ἱκανὴ

103 3471 152 3524 οΐα
172 3469 195 3525 0
214 3469 331 3538 praeter
348 3465 370 3518 B
406 3468 547 3538 περίεστιν
566 3483 589 3522 ο.
609 3465 733 3520 sintenis
751 3467 812 3520 Em.
831 3462 912 3517 Dion.
930 3461 957 3514 H
976 3464 1008 3513 15
