2414 3840
527 193 690 242 -A-
1077 191 1118 257 13

101 351 208 416 ἀθλία
229 348 286 415 καὶ
307 352 513 434 θεοβλαβής,
536 349 614 416 ὥστ’
636 351 856 438 ἀφαιρεῖσθαι
879 348 940 437 μὲν
958 364 1024 418 τῶν
1044 352 1119 419 ἑαυ-

100 467 161 543 τῆς
186 457 314 523 τέκνων
341 457 385 540 ἣν
412 455 586 522 κατέλιπεν
615 457 728 535 αὐτοῖς
751 457 769 523 ό
793 459 900 543 πατὴρ
924 458 1044 545 ἀρχήν,
1073 468 1118 546 τςό

102 559 135 628 δ’
158 563 323 651 ἀλλοτρίῳ
352 561 408 628 καὶ
430 563 467 628 ἐκ
490 565 614 648 δούλης
636 567 790 648 γεγονότι
811 570 1017 652 χαρίζεσθαι·
1046 561 1117 630 οὔτ’

101 669 144 736 ἀν
174 668 271 736 αὐτοὶ
297 678 355 753 τῆς
380 667 534 758 πατρςόας
555 670 657 756 ἀρχῆς
679 670 960 758 ἀποστερούμενοι
983 673 1120 756 φαύλως

102 776 158 842 καὶ
191 775 355 863 ῥᾳθύμως
385 777 423 841 τὸ
457 777 601 862 ἀδίκημα
633 779 778 861 ἤνεγκαν
805 776 860 843 καὶ
886 776 977 844 ταῦτ’
1010 778 1048 844 έν
1079 787 1147 863 τηε

104 886 262 970 κρατίστῃ
286 891 348 948 τοῦ
370 882 480 965 λέγειν
502 907 537 949 τε
560 882 615 949 καὶ
634 884 789 969 πράττειν
808 886 902 961 όντες
918 885 1018 970 ἀκμῇ·
1042 885 1120 950 ούτε

102 991 167 1076 γὰρ
200 989 353 1075 εὐγενείᾳ
384 998 539 1075 προείχεν
571 988 683 1054 αὐτῶν
713 988 731 1054 ό
762 990 903 1066 Τύλλιος
934 990 971 1056 έκ
998 991 1121 1073 δούλης

103 1097 228 1180 μητρὸς
251 1096 299 1161 ὢν
324 1092 401 1160 οὔδ’
427 1094 556 1178 ἡλικίας
578 1094 735 1179 ἀξιώματι
757 1096 847 1180 παρὰ
864 1097 951 1160 πολὺ
970 1097 1121 1179 διήλλατ-

103 1225 176 1286 τεν,
215 1202 298 1268 ἀλλὰ
333 1199 423 1288 τρισὶ
460 1204 566 1286 μόνον
602 1203 688 1266 ἔτεσι
719 1201 867 1287 θατέρου
898 1204 1121 1289 πρεσβύτερος

105 1304 163 1392 ἦν·
190 1303 270 1373 ὥστ’
296 1308 358 1374 ούκ
380 1309 423 1373 ἀν
445 1331 484 1391 γε
505 1308 746 1393 παρεχώρησαν
769 1307 857 1395 αὐτῷ
876 1317 935 1391 τῆς
952 1313 1121 1393 βασιλείας
1134 1332 1161 1371 10

104 1413 243 1491 ἑκόντες.

171 1521 245 1587 VII.
264 1519 354 1605 ’Ἔχει
378 1516 415 1584 δὲ
438 1517 492 1585 καί
515 1521 618 1596 ἀλλας
639 1521 733 1597 τινάς
754 1522 792 1586 τὸ
814 1528 949 1606 πρᾶγμα
972 1519 1119 1605 ἀτοπίας,

106 1628 146 1705 ἃς
177 1629 319 1704 ἅπαντες
352 1627 522 1710 ἠγνόησαν
555 1626 592 1691 οί
619 1627 660 1690 τδι
686 1621 849 1710 Ῥωμαϊκὰ
880 1626 1121 1711 συνταξάμενοι

58 1735 198 1818 οσΙτιλην
223 1731 308 1815 ένός,
332 1728 374 1798 οὗ
398 1734 477 1816 μετὰ
500 1734 619 1818 μικρὸν
638 1731 703 1818 ἐρῶ
721 1731 879 1815 τούνομα.
912 1733 1121 1816 ὡμολόγηται
1186 1763 1190 1771 ·

103 1842 180 1927 γάρ,
205 1841 258 1904 ότι
280 1841 360 1924 μετὰ
377 1839 439 1921 την
456 1841 647 1924 Ταρκυνίου
664 1839 821 1921 τελευτὴν
838 1839 1041 1925 παραλαβὼν
1059 1841 1120 1924 την
1136 1859 1161 1901 15

105 1949 280 2031 βασιλείαν
308 1946 448 2020 Τύλλιος
477 1941 527 2009 ἐπ’
555 1947 610 2028 ἔτη
638 1944 878 2030 τετταράκοντα
903 1943 959 2011 καί
982 1945 1120 2032 τέτταρα

104 2052 278 2137 κατέσχεν,
307 2047 384 2116 ὥστ’
413 2053 443 2115 εί
463 2048 534 2117 κατ’
558 2051 686 2117 ἐκεῖνον
713 2053 773 2117 τὸν
795 2054 920 2137 χρόνον
944 2050 1121 2118 ἑκτακαιει-

106 2157 268 2243 κοσαέτης
290 2153 344 2241 ἦν,
368 2153 415 2222 ὅτ’
438 2157 647 2243 ἀπεστερεῖτο
665 2166 723 2241 τῆς
741 2157 843 2242 ἀρχῆς
860 2157 879 2222 δ
898 2159 1121 2245 πρεσβύτερος

105 2276 174 2330 τῶν
206 2265 419 2347 Ταρκυνίαν,
450 2260 534 2349 ὑπὲρ
567 2262 794 2347 ἑβδομήκοντα
821 2265 877 2347 ἔτη
905 2265 1052 2345 γεγονὼς
1078 2263 1121 2330 ἀν

105 2367 162 2454 ἦν,
191 2371 247 2436 ὅτε
273 2372 334 2436 τὸν
361 2371 505 2435 Τύλλιον
533 2367 732 2435 ἀπέκτεινεν.
770 2367 808 2434 έν
834 2371 990 2455 κρατίστη
1020 2369 1060 2435 δέ
1084 2352 1161 2468 γ’ἓο

108 2477 212 2543 αὐτὸν
235 2475 348 2563 ἡλικίᾳ
369 2471 438 2541 τότ’
465 2477 545 2541 όντα
568 2475 846 2561 παραδεδώκασιν
866 2476 901 2540 οί
916 2489 1121 2564 συγγραφεῖς

106 2587 164 2648 καί
190 2598 311 2667 φασιν,
340 2583 391 2648 ότι
417 2583 562 2647 Τύλλιον
589 2582 689 2659 αὐτὸς
712 2581 876 2668 ἀράμενος
900 2582 935 2648 ἐκ
957 2593 1018 2649 τού
1042 2589 1121 2669 βου-

107 2692 286 2776 λευτηρίου
309 2687 364 2753 καὶ
387 2687 501 2774 φέρων
524 2687 585 2766 ἔξω
608 2691 691 2754 κατδι
709 2699 777 2754 τῶν
794 2690 967 2775 κρηπίδων
987 2689 1120 2775 ἐξέχεεν.

109 2797 129 2878 ἥ
151 2791 181 2861 τ’
207 2795 245 2860 έκ
267 2804 325 2878 τῆς
348 2794 449 2880 ἀρχῆς
467 2796 627 2872 ἔκπτωσις
645 2794 749 2860 αὐτοῦ
766 2798 894 2878 γίνεται
912 2794 1046 2883 πέμπτῳ
1065 2796 1121 2862 καὶ

108 2905 247 2990 εἰκοστῷ
271 2902 352 2985 μετὰ
374 2895 465 2965 ταῦτ’
492 2904 567 2984 έτει,
591 2898 648 2965 καὶ
670 2901 776 2988 τούτῳ
795 2909 841 2989 τῷ
861 2903 926 2966 ἔτει
944 2906 1119 2988 στρατευό-
1134 2919 1160 2962 το

108 3033 207 3093 μενος
221 3009 259 3074 έν
272 3015 318 3094 τῷ
332 3009 416 3094 πρὸς
425 3003 601 3093 Ἀρδεάτας
616 3007 780 3090 είσύγεται
796 3007 930 3095 πολέμῳ
945 3006 1000 3072 καὶ
1013 3010 1120 3074 πάντα

178 3240 253 3309 2τῷ
273 3230 346 3288 δ’Β
381 3240 419 3289 τῶ
438 3232 469 3289 δέ
488 3234 514 3288 R
587 3235 724 3298 λαύτούς
742 3235 794 3288 ΑΒ
820 3238 824 3303 Ι
850 3231 881 3290 έκ
900 3235 1001 3302 δούλης
1016 3232 1121 3322 μητρὸς

109 3305 147 3363 ὢν
166 3306 275 3361 add.B
361 3289 582 3375 ΒδιήλαττενΒ
670 3311 702 3359 15
722 3306 764 3361 ότι
782 3305 872 3361 καὶΒ
958 3311 990 3357 17
1011 3299 1120 3354 ωστεΟ

109 3376 173 3433 ὥστ’
195 3376 223 3432 εἰ
245 3375 403 3444 Stephanus
477 3384 509 3433 19
530 3372 724 3450 ἑβδομήκοντα
747 3375 778 3432 δὲ
802 3376 881 3430 ABG
947 3376 981 3425 24
999 3372 1119 3439 γίνεται·

109 3447 225 3522 πέμπτῳ
245 3444 277 3501 δὲ
296 3446 345 3500 καί
362 3449 383 3502 Β
