2414 3840
412 183 575 232 ,Ε-

32 346 154 418 ἱσαντος
175 349 238 407 τοῦ
261 342 501 427 συνάρχοντος,
530 346 594 406 είτε
617 345 728 427 κλήρῳ
752 342 911 424 λαχόντα,
935 337 1003 404 ἑλέ-

32 453 73 512 λαι
89 442 260 533 Ῥωμαίων
288 447 329 514 δν
355 447 584 533 ὑπολαμβάνει
610 447 767 534 κράτιστα
794 444 850 511 καὶ
872 461 1003 531 συμφο·

32 551 118 618 ότατα
135 553 219 639 <τά>
241 562 300 637 τῆς
317 557 444 632 πόλεως
463 553 720 640 ἐπιτροπεύσειν.
756 551 1003 638 μεσοβασιλέων

54 659 160 737 αὐτοῖς
193 657 303 745 μηθέν
335 661 372 727 ἐν
403 670 448 750 τῷ
481 664 622 741 παρόντι
652 661 739 742 δεῖν,
772 658 831 736 οὓς
863 658 900 725 ἐν
931 670 1004 737 ταῖς

32 769 184 850 ιναρχίαις
208 766 474 832 ἀποδείκνυσθαι
496 767 757 852 μονογνώμονας
779 775 846 831 τών
865 767 1028 851 μελλόν-5

32 891 61 934 ον
83 871 195 958 άρξειν
223 874 304 950 ἐθος
330 868 388 956 ἦν,
417 873 557 958 ἐχούσης
583 881 642 956 τῆς
668 875 796 949 πόλεως
822 873 884 956 την
908 872 1003 938 ὅσιον

32 980 103 1062 τόν·

60 1083 185 1150 LXXII.
219 1079 483 1150 Ἐπαινεσάντων
516 1083 553 1151 δδ
583 1087 645 1171 τὴν
677 1086 815 1170 γνώμην
847 1085 1003 1150 ἁπάντων

32 1191 72 1255 τά
91 1200 212 1258 τοῦτον
237 1190 380 1268 ἀναστάς
402 1191 512 1274 ἕτερος
533 1186 638 1257 εἶπεν·
660 1188 752 1276 Ἐμοὶ
772 1187 816 1274 δ’,
840 1186 866 1256 ώ
886 1193 1003 1276 βουλη,

32 1294 159 1362 ναίκαὶ
181 1295 273 1363 τοῦτ’
299 1300 348 1363 ἔτι
370 1305 598 1383 προστεθῆναι
621 1306 660 1383 τῇ
678 1299 806 1385 γνώμη,
832 1300 927 1364 δυεῖν
945 1297 1002 1363 άυ-
1016 1316 1043 1355 ¹⁰

32 1409 82 1477 ,ιών
107 1407 295 1489 κρατίστων
327 1407 374 1481 είς
401 1405 478 1470 τόδε
506 1407 631 1489 χρόνου
653 1406 694 1470 τά
715 1407 813 1471 κοινά
837 1405 1003 1470 διοικούν-

32 1525 73 1590 w,
103 1504 153 1575 ών
185 1510 247 1574 οὐκ
279 1509 323 1575 άν
352 1510 481 1595 εὕροιτε
509 1510 681 1594 ἀμείνους,
713 1512 773 1576 τὸν
800 1508 861 1596 μὲν
889 1511 1003 1597 ἕτερον

32 1607 99 1680 ’τῶν
125 1617 245 1702 κύριον
273 1617 515 1702 ἀποδειχθῆναι
542 1627 599 1701 της
628 1616 855 1702 ἀναρρήσεως,
885 1618 945 1682 τὸν
969 1613 999 1683 δ’

32 1739 103 1805 ερον
135 1721 201 1786 ὑπὸ
233 1730 294 1787 τοῦ
326 1723 552 1807 συνάρχοντος
585 1723 762 1806 αἱρεθῆναι
794 1722 1002 1804 διαγνόντων

32 1837 101 1892 τών
132 1827 171 1893 ἐν
203 1827 359 1913 άλληλοις
390 1829 449 1893 τὸν
483 1829 759 1912 ἐπιτηδειότερον·
801 1827 857 1892 ἵνα
890 1828 1003 1905 αὐτοῖς
1016 1845 1042 1887 ιι

32 1932 200 2017 ριγένηται
224 1936 288 1999 σὺν
309 1942 355 2021 τῷ
378 1938 475 2021 τιμίῳ
499 1932 609 2000 καὶτὸ
628 1945 747 2019 χαῖρον
767 1940 853 2017 ίσον,
876 1942 921 2022 τῷ
941 1931 1003 2020 μὲν

32 2058 41 2098 ι
71 2042 131 2106 τὸν
164 2040 374 2124 συνάρχοντα
405 2042 583 2126 κράτιστον
615 2040 782 2125 άπέφηνε,
815 2048 861 2127 τῷ
895 2035 926 2105 δ’
952 2041 1004 2106 ὅτι

32 2143 72 2223 ὸς
98 2155 160 2211 τοῦ
187 2147 415 2232 συνάρχοντος
442 2149 576 2231 άρισπος
604 2147 737 2233 ἐκρίθη·
768 2147 834 2231 ἡδὺ
861 2148 925 2233 γάρ
948 2144 1003 2212 καὶ

32 2252 92 2317 λδν
116 2250 280 2337 ἑκάτερον.
319 2247 395 2317 οῖδα
414 2249 476 2337 μὲν
495 2247 568 2336 οὖν,
593 2253 644 2318 ὅτι
662 2252 718 2318 καὶ
736 2253 780 2338 μὴ
799 2250 1003 2339 προστεθέν-

32 2367 101 2444 ςτῇ
120 2359 237 2443 γνώμη
256 2360 355 2423 τοῦδε
373 2367 434 2423 τοῦ
452 2357 589 2443 μέρους,
613 2359 727 2436 αὐτοῖς
745 2359 787 2424 άν
806 2359 913 2443 ἐφάνη
932 2370 1002 2437 τοῖς
1016 2377 1042 2418 ιο

32 2465 155 2550 δράσιν
188 2464 293 2540 οὕτως
325 2475 448 2529 ποιεῖν·
488 2477 640 2549 κρεῖττον
672 2461 709 2529 δέ
738 2467 776 2530 τὸ
804 2464 880 2551 μηδ’
908 2466 1002 2551 ὑμῶν

32 2574 104 2656 ερόν
136 2595 167 2635 τι
195 2569 420 2662 βουλομένων.
466 2571 573 2637 ἐδόκει
601 2568 656 2636 καὶ
682 2579 781 2637 τοῦτο
808 2572 891 2636 κατὰ
917 2574 1038 2638 νοῢυ2

32 2694 111 2743 ασιν
141 2678 308 2763 είρῆσθαι·
345 2674 401 2742 καὶ
429 2677 572 2754 οὐθενὸς
595 2680 643 2741 ἔτι
665 2686 705 2762 τῇ
728 2678 843 2764 γνώμη
867 2695 1003 2765 προστε-

32 2805 122 2860 ντος-
139 2783 352 2868 ἐπικυροῦται
378 2784 416 2848 τὸ
440 2784 557 2867 δόγμα.
603 2783 648 2860 ὡς
671 2781 708 2848 δὲ
731 2782 920 2870 παρέλαβον
941 2787 1004 2870 την

32 2891 145 2955 νυσίαν
169 2890 205 2954 οί
224 2889 345 2954 ὕπατοι
367 2897 428 2954 τοῦ
452 2890 651 2973 διαγνῶναι,
674 2893 813 2976 πότερος
836 2890 868 2969 ἐξ
893 2891 1003 2957 αὐτῶν
1017 2909 1043 2951 ιι

32 3018 105 3078 χειν
133 2993 224 3061 ἐστὶν
252 2995 528 3082 ἐπιτηδειότερος,
556 2998 754 3080 θαυμαστόν
781 3020 812 3061 τι
837 2995 892 3062 καὶ
913 3000 1004 3080 παρὰ

32 3097 96 3178 ἕσας
118 3103 177 3178 τάς
195 3101 412 3187 ἀνθρωπίνας
429 3102 611 3187 ὑπολήψεις
630 3112 764 3188 πρᾶγμα
782 3103 928 3169 ἐποίουν.
962 3102 1003 3167 οὐ

33 3230 55 3292 ρ
86 3207 206 3273 ἑαυτὸν
237 3205 389 3292 ἑκάτερος
416 3207 511 3286 άξιον
539 3207 701 3294 ἀπέφαινε
728 3218 786 3293 τῆς
815 3210 1001 3293 ἡγεμονίας,

63 3364 132 3419 θτδι
156 3364 220 3420 add.
239 3363 343 3420 Reiske
417 3369 432 3417 ὅ
453 3367 680 3438 μονογνώμονας]
699 3365 845 3436 γνώμονας
862 3363 885 3414 Β
922 3360 1002 3414 αότο·

32 3433 138 3504 ώμονας
152 3453 175 3490 ο.
190 3434 335 3505 Kiessling
384 3443 418 3490 26
438 3435 535 3507 άρχειν
547 3481 552 3494 .
564 3433 638 3492 ἐστὶν
652 3437 675 3490 Β
726 3443 760 3491 28
774 3431 966 3506 ἡγεμον<ι>αε
979 3428 1002 3481 Β
