2414 3840
528 173 693 222 -Λ-
1078 172 1120 237 75

94 328 283 397 καιοτάτων
308 333 565 417 συμπαρόντων,
590 331 685 414 ὀλίγα
709 331 740 396 δ’
764 332 800 398 ἐν
824 332 940 419 ἀγορᾷ.
980 335 1156 418 προσελ-4

93 444 174 503 θεῖν
198 431 231 502 δ’
255 437 372 504 οὐδενὶ
394 449 464 503 τῶν
487 437 703 522 βουλομένων
722 437 909 525 ἐπέτρεπεν,
933 441 965 505 εί
981 442 1025 524 μή
1044 463 1120 505 τινα

94 541 270 610 καλέσειεν
299 545 412 622 αὐτός·
451 545 527 610 οὔτε
555 556 625 622 τοῖς
652 554 852 631 προσιοῦσιν
874 546 1017 631 εὐμενὴς
1039 542 1130 611 οὐδὲΙ

42 659 205 738 σεῖπρᾷος
228 646 283 735 ἦν,
304 646 377 717 ἀλλ’
399 643 454 717 οἷα
473 653 514 736 δη
533 653 709 736 τύραννος,
732 653 837 737 βαρύς
856 677 891 718 τε
909 652 964 719 καὶ
978 654 1120 738 χαλεπὸς

96 758 206 842 ὀργὴν
235 756 293 822 καὶ
322 758 468 843 φοβερὸς
494 762 621 842 μᾶλλον
648 756 668 841 ἣ
697 759 840 843 φαιδρὸς
863 758 1027 844 ὀφθῆναι·
1063 757 1145 824 καὶὸ

96 865 157 941 τάς
185 861 262 950 περὶ
289 874 357 929 τῶν
384 863 644 949 ἀμφισβητήτων
671 866 886 949 συμβολαίων
909 868 1034 949 κρίσεις
1056 865 1118 930 οὐκ

97 966 154 1034 ἐπὶ
177 969 217 1034 τά
242 970 353 1035 δίκαια
376 967 432 1034 καὶ
454 972 533 1046 τοὺς
555 972 694 1054 νόμους,
726 965 798 1035 ἀλλ’
820 968 873 1035 ἐπὶ
895 973 974 1048 τοὺς
997 969 1118 1036 ἑαυτοῦ

96 1077 246 1161 τρόπους
268 1073 449 1160 ἀναφέρων
472 1076 622 1142 ἐποιεῖτο.
660 1077 717 1141 διά
738 1072 832 1142 ταῦτ’
855 1076 1048 1162 ἐπωνυμίαν
1071 1080 1118 1141 τί-

96 1188 220 1247 θενται
247 1181 336 1269 αὐτῷ
356 1178 511 1266 Ῥωμαῖοι
537 1183 597 1247 τὸν
619 1183 835 1269 Σούπερβον,
866 1191 965 1248 τοῦτο
994 1179 1032 1247 δὲ
1061 1183 1118 1266 δη-

96 1293 187 1353 λοῦν
207 1289 363 1371 βούλεται
385 1290 468 1353 κατά
490 1289 552 1372 την
569 1287 732 1374 ἡμετέραν
749 1294 899 1372 γλῶτταν
917 1290 977 1354 τὸν
995 1289 1117 1375 ὑπερή-
1132 1310 1157 1348 10

95 1418 222 1478 φανον.
264 1396 324 1460 τὸν
351 1391 389 1460 δέ
416 1396 551 1461 πάππον
574 1395 677 1460 αὐτοῦ
702 1398 856 1482 Πρίσκον
879 1395 1035 1462 ἐκάλουν·
1072 1396 1117 1473 ὡς

97 1495 131 1565 δ’
152 1500 249 1584 ἡμεῖς
275 1499 318 1565 ἀν
344 1508 510 1587 είποιμεν,
537 1499 814 1588 προγενέστερον·
852 1503 1029 1587 ὁμώνυμος
1051 1503 1116 1587 γάρ

94 1602 141 1691 ἦν
165 1614 212 1694 τῷ
236 1607 386 1695 νεωτέρφ
410 1603 480 1673 κατ’
502 1609 601 1693 ἀμφω
625 1609 665 1674 τά
688 1609 843 1694 ὀνόματα.

167 1713 335 1778 XXXXII.
364 1709 453 1779 Ἐπεὶ
477 1709 509 1778 δ’
531 1715 695 1801 ἐγκρατῶς
716 1716 781 1798 ἤδη
805 1713 954 1799 κατέχειν
972 1715 1115 1798 ὑπελάμ-

48 1810 52 1815 ’
95 1823 182 1903 βανε
208 1820 272 1903 την
294 1820 419 1907 ἀρχήν,
446 1822 698 1907 παρασκευάσας
726 1822 851 1888 ἐκτῶν
874 1819 1015 1908 ἑταίρων
1037 1823 1116 1899 τοὺς
1131 1839 1156 1880 1⁶

94 1926 347 2010 πονηροτάτους
370 1925 415 1991 δι’
437 1926 575 1993 ἐκείνων
596 1923 679 2011 ἦγεν
702 1929 749 2004 είς
772 1927 957 2012 ἐγκλήματα
979 1926 1035 1993 καὶ
1052 1934 1115 1993 δα-

94 2033 203 2097 νάτου
238 2033 348 2108 δίκας,
363 2035 510 2110 πολλοὺς
541 2045 609 2098 τῶν
641 2032 828 2117 ἐπιφανῶν·
870 2035 1022 2121 πρώτους
1053 2031 1115 2118 μὲν

95 2140 178 2215 τοὺς
195 2137 326 2224 ἐχθρῶς
344 2138 574 2224 διακειμένους
591 2141 675 2224 πρὸς
692 2139 807 2223 αὐτόν,
831 2132 881 2217 οἷς
900 2141 962 2207 οὐκ
980 2137 1022 2223 ἦν
1036 2145 1115 2224 βον-

96 2242 253 2328 λομένοις
279 2245 423 2311 Τύλλιον
453 2246 490 2311 ἐκ
516 2254 574 2330 τῆς
602 2245 703 2332 ἀρχῆς
726 2245 888 2311 ἐκπεσεῖν·
926 2250 1038 2311 ἔπειτα
1060 2244 1116 2311 καὶ

96 2362 167 2416 τῶν
188 2347 312 2435 ἀλλων,
336 2351 396 2428 οὓς
417 2352 629 2436 ὑπελάμβανε
648 2355 787 2437 βαρεῖαν
804 2352 962 2435 ἡγεῖσθαι
979 2353 1041 2436 την
1059 2376 1114 2436 με·
1129 2370 1155 2410 ιο

96 2457 246 2540 ταβολην
273 2455 329 2523 καὶ
358 2449 408 2534 οἷς
434 2461 539 2535 πολὺς
565 2462 710 2536 πλοῦτος
732 2454 784 2542 ἦν.
821 2458 857 2523 οί
878 2453 909 2523 δ’
930 2457 1149 2541 ὑπάγοντες2

97 2563 223 2640 αὐτοὺς
243 2563 310 2629 ὑπὸ
333 2565 392 2640 τάς
415 2565 509 2641 δίκας
531 2566 654 2640 ἀλλους
676 2560 726 2629 ἐπ’
749 2566 865 2642 ἀλλαις
888 2562 1048 2643 ψευδέσιν
1066 2567 1116 2631 αέ-

47 2672 193 2754 σλιτίαις,
219 2670 362 2754 μάλιστα
385 2667 416 2734 δ’
438 2669 668 2754 ἐπιβουλεύειν
691 2672 882 2755 αἰτιώμενοι
904 2673 949 2758 τῷ
974 2675 1114 2758 βασιλεῖ,

96 2778 308 2860 κατηγόρουν
331 2772 381 2840 ἐπ’
404 2775 493 2863 αὐτῷ
518 2777 666 2861 δικαστῇ.
703 2773 778 2842 ὁδέ
797 2787 865 2842 τῶν
884 2774 945 2861 μὲν
963 2780 1115 2847 θάνατον

96 2883 300 2965 κατεδίκαζε,
333 2891 401 2947 τῶν
432 2878 469 2947 δὲ
496 2885 624 2967 φυγήν,
657 2881 711 2948 καί
738 2884 779 2948 τά
805 2886 955 2969 χρήματα
982 2888 1061 2964 τούς
1083 2882 1112 2952 τ’
1129 2902 1156 2944 2⁵

167 3081 184 3129 3
196 3073 261 3130 οὔτε
274 3105 306 3114 -
317 3071 383 3129 οάδέ
395 3075 416 3129 Β
435 3073 499 3130 οάτε
508 3106 541 3116 -
550 3073 649 3130 ολίτεΑ
669 3072 775 3130 οδδὲ-
784 3073 851 3131 οὐδὲ
860 3076 990 3132 Hertlein
998 3078 1115 3134 Hermes

95 3145 121 3199 X
138 3151 192 3200 412
264 3151 281 3200 6
300 3144 351 3208 τὰς
367 3145 433 3215 περὶ
451 3154 507 3202 τῶν
525 3146 749 3219 ἀμφισβημάτων
769 3149 945 3219 συμβολαίων
964 3144 1116 3220 ἐπικρίσεις

94 3216 149 3270 ΑΒ
186 3215 238 3280 τὰς
255 3224 313 3271 τῶν
332 3218 380 3286 ἀμ.
398 3217 463 3288 περὶ
481 3226 537 3272 τῶν
552 3235 576 3272 σ.
591 3219 696 3287 κρίσεις
709 3217 854 3288 Kiessling
890 3219 1115 3292 ἀμφισβημάτων

96 3288 151 3344 del.
169 3286 281 3356 Kayser
295 3286 366 3342 ΑΜ.
380 3287 450 3357 phil.
467 3295 535 3344 1866
549 3307 577 3358 p.
592 3295 627 3343 45
664 3289 922 3361 ἀμφισβητημάτων
941 3291 966 3342 Α
997 3309 1030 3356 τη
1051 3285 1115 3339 add.

95 3377 131 3415 ιιι
152 3359 204 3412 alt.
242 3357 463 3483 ἀμφισΙξητήτων
483 3376 535 3430 ego
622 3365 654 3414 11
674 3362 799 3431 πρίμουμ
818 3367 842 3414 A
928 3366 961 3412 12
979 3359 1029 3412 τὸν
1047 3372 1116 3423 ⁷¹0⁰·

95 3427 263 3500 γενέστερον
282 3446 305 3483 c.
351 3429 428 3485 eiske
497 3437 530 3486 19
550 3426 582 3485 ἐκ
601 3430 708 3485 adm
772 3435 806 3485 25
825 3432 890 3491 τοὺς
909 3429 973 3482 add.
994 3424 1117 3494 sylburg
