2414 3840
524 176 689 226 -Ε-
1051 171 1114 234 221

72 333 155 400 καὶ
182 338 227 421 μή
250 334 466 421 πειθομένοις
488 338 634 420 πόλεμον
657 333 827 400 ἀπειλεῖτε.
873 333 1048 397 παύσασθε
1072 334 1113 416 δή

80 445 230 531 ψυχρὰς
247 441 304 509 καλ
323 442 512 518 ἀπιθάνους
524 450 583 525 τής
597 444 720 526 ἐχθρας
733 443 1021 526 παραβαλλόμενοι
1035 459 1116 525 προ-

87 549 219 628 φάσεις
241 546 298 615 καλ
321 551 353 613 εί
374 548 430 613 διὰ
452 556 555 613 ταῦτα
579 544 712 631 μέλλετε
732 548 882 613 διαλύειν
900 547 938 611 τὸ
958 542 1116 629 συγγενὲς

90 653 157 720 καλ
183 657 245 722 τὸν
271 659 419 740 πόλεμον
447 653 644 740 ἐπικυροῦν,
672 650 783 738 μηθὲν
805 656 854 718 ἔτι
877 653 1117 737 ἀναβάλλεσθε.

167 761 235 827 LV.
265 766 375 827 Ταῦτα
397 772 467 837 τοῖς
485 758 664 846 πρέσβεσιν
683 758 945 845 ἀποκρινάμενος
962 757 1017 825 καλ
1036 775 1146 846 προ-5

30 859 232 951 9Ἷῦπέμήιας
263 865 299 932 ἐκ
327 877 385 951 τῆς
412 870 539 944 πόλεως
566 868 646 951 μετδι
672 874 772 931 τοῦτο
800 866 916 951 φράζει
943 875 982 950 τη
1010 869 1116 952 βουλή

95 972 177 1061 περὶ
195 984 255 1058 τής
273 973 463 1059 ἀπορρήτου
484 976 705 1057 συνωμοσίας,
730 971 942 1058 ἀπαρύτων
960 984 1117 1057 μηνυτῶν

95 1073 221 1157 ἔμαθε·
257 1078 313 1145 καλ
341 1081 455 1163 λαβὼν
478 1079 633 1158 ἐξουσίαν
655 1075 733 1164 παρ’
756 1079 867 1143 αὐτῶν
891 1078 1117 1164 αὐτοκράτορα

93 1197 164 1252 τοῦ
188 1188 471 1272 διερευνήσασθαι
493 1188 572 1264 τοὺς
594 1188 816 1270 μετασχόντας
833 1197 901 1251 τῶν
920 1185 1117 1271 ἀπορρήτων

93 1286 343 1378 βουλευμάτων
370 1291 426 1357 καλ
452 1301 513 1357 τοῦ
535 1293 675 1358 κολάσαι
697 1294 776 1369 τοὺς
799 1291 1048 1378 ἐξευρεθέντας,
1077 1294 1118 1358 οὐ
1136 1310 1161 1350 10

91 1395 166 1480 τὴν
196 1399 332 1484 αὐθάδη
349 1396 415 1479 ,καὶ
441 1400 646 1483 τυραννικήν
673 1394 779 1482 ἦλθεν
806 1398 903 1481 ὁδόν,
937 1400 981 1476 ὡς
1008 1398 1119 1484 ἕτερος

92 1493 147 1565 ἄν
169 1529 220 1583 τις
243 1505 399 1589 ἐποίησεν
422 1507 469 1582 είς
491 1507 657 1589 τοσαύτην
680 1504 931 1583 κατακλεισθεὶς
954 1505 1118 1590 ἀνάγκην·

89 1599 175 1678 ἀλλ’
199 1609 253 1679 ἐπὶ
279 1612 342 1695 τήν
368 1611 564 1695 εὐλόγιστόν
591 1636 626 1676 τε
655 1609 710 1676 καλ
737 1611 870 1695 ἀσφαλῆ
894 1610 949 1675 καλ
971 1619 1024 1700 τηῖ
1042 1617 1119 1698 σχή-

89 1729 182 1787 ματι
204 1727 263 1802 τῆς
283 1719 498 1801 καθεστώσης
525 1721 599 1784 τότε
627 1719 793 1793 πολιτείας
816 1716 1008 1782 ἀκόλουθον
1026 1717 1120 1804 ἐτρά-

84 1834 191 1892 πετο.
243 1824 319 1889 ούτε
355 1826 419 1907 γάρ
457 1823 493 1890 ἐκ
529 1834 597 1889 τῶν
631 1825 748 1889 οἰκιῶν
780 1803 1161 1917 συλλαμβανομε’νους,2ὁ

87 1920 248 2014 ἄγεσθαι
269 1932 350 2008 τοὺς
372 1933 508 2008 πολίτας
531 1929 585 1996 ἐπὶ
608 1932 668 1996 τὸν
690 1931 841 1996 θάνατον
859 1927 1120 2014 ἀποσπωμένους

87 2028 168 2105 ἀπὸ
197 2047 368 2121 γυναικῶν
395 2060 430 2102 τε
457 2035 513 2103 καὶ
536 2035 662 2102 τέκνων
685 2035 740 2103 καὶ
762 2034 914 2123 πατέρων
937 2036 1119 2122 ἐβουλήθη,

86 2149 163 2212 ιτόν
188 2168 208 2210 τ
210 2138 349 2210 ὀἶκτον
368 2135 686 2229 ἐνθυμούμενος,
651 2167 721 2220 οιος
740 2147 830 2209 ἔσται
849 2154 916 2209 τῶν
935 2147 1119 2230 προσηκόν-

82 2263 170 2318 των
199 2248 349 2328 ἑκάστοις
375 2251 464 2331 παρὰ
488 2251 549 2315 τὸν
572 2248 791 2334 ἀποσπασμὸν
813 2261 880 2315 τῶν
904 2250 1120 2334 ἀναγκαιοτά-

10 2319 171 2424 76ἴων
193 2354 251 2422 καλ
274 2356 443 2440 δεδοικώς,
467 2360 511 2441 μή
529 2379 618 2434 τινες
640 2354 886 2440 ἀπονοηθέντες
904 2355 1011 2422 ἐπὶ
975 2381 1015 2422 τα
1034 2357 1120 2424 ὅπλα
1136 2376 1162 2415 20

82 2467 165 2550 τήν
190 2462 299 2549 ὁρμήν
321 2463 464 2546 λάβωσι,
487 2461 544 2527 καὶ
568 2458 613 2527 δι’
635 2463 773 2547 αἵματος
796 2462 961 2547 ἐμφυλίου
984 2467 1118 2552 χωρήση

83 2575 140 2638 τὸ
166 2566 383 2652 ἀναγκασθὲν
405 2578 625 2653 παρανομεῖν·
658 2569 734 2634 ούτε
758 2571 953 2655 δικαστήρια
971 2573 1120 2651 καθίζειν

88 2679 223 2754 αὐτοῖς
245 2675 328 2764 βετο
352 2676 435 2759 δεῖν,
459 2678 683 2759 λογιζόμενος,
706 2676 757 2740 ότι
780 2677 899 2754 πάντες
919 2677 1120 2763 ἀρνήσονται

82 2782 159 2851 καὶ
179 2778 286 2849 ούθέν
305 2784 396 2846 ἔσται
414 2778 553 2866 βέβαιον
570 2791 640 2858 τοῖς
659 2783 829 2859 δικασταῖς
847 2787 1024 2870 τεκμήριον
1043 2782 1117 2852 οὐδ’

90 2891 356 2974 ἀναμφίλεκτον
379 2886 439 2965 ἔξω
463 2897 520 2971 τῆς
543 2888 726 2972 μηνύσεως,
751 2879 776 2976 ᾧ
800 2892 1035 2970 πιστεύσαντες
1058 2895 1120 2958 θά-
1136 2909 1162 2950 2⁵

87 3017 208 3061 ’νατον
235 3004 303 3059 τῶν
328 2999 473 3059 πολιτῶν
496 3003 798 3079 καταψηφιοῦνται·
834 2999 951 3064 καινὸν
981 2999 1020 3064 δέ
1044 3000 1158 3065 τινα3

180 3158 194 3206 1
215 3152 372 3206 ἀπειλεῖται
390 3151 437 3204 Ba
465 3171 494 3204 υι
512 3169 563 3220 pro
584 3172 596 3206 ε
616 3151 782 3221 saepissime
800 3154 845 3208 Ba
931 3152 1120 3276 ῖπρρβαλλό-

101 3239 234 3293 μενοιο.
261 3221 350 3276 Cobet
374 3221 439 3276 Obs.
461 3229 511 3277 103
585 3230 617 3277 17
637 3224 692 3277 ἀπὸ
717 3224 781 3277 add.
801 3225 898 3293 ijs
917 3242 970 3280 om.
1085 3227 1118 3276 19

102 3293 171 3364 περὶ
194 3293 243 3348 τὸν
267 3293 453 3363 ἀποσπασμὸν
473 3294 632 3383 Stephanus
655 3294 731 3348 exD
822 3295 913 3364 τομή
931 3293 1045 3355 τινεςΒ
1082 3290 1120 3358 μή

105 3384 135 3499 τζι
152 3365 178 3417 R
222 3369 292 3487 Βῖό
312 3365 455 3433 μηνύσεως
473 3384 490 3434 η
509 3366 561 3419 ΑΒ
599 3386 625 3436 μ.
645 3361 823 3420 oSBucheler
903 3372 937 3420 26
956 3362 1120 3430 καταψηφί-

125 3454 204 3489 ονται
