<?xml version="1.0" encoding="UTF-8"?>
<!DOCTYPE html PUBLIC "-//W3C//DTD XHTML 1.0 Transitional//EN"
    "http://www.w3.org/TR/xhtml1/DTD/xhtml1-transitional.dtd">
<html xmlns="http://www.w3.org/1999/xhtml" xml:lang="en" lang="en">
 <head>
  <title>
</title>
<meta http-equiv="Content-Type" content="text/html;charset=utf-8" />
  <meta name='ocr-system' content='tesseract 3.04.00' />
  <meta name='ocr-capabilities' content='ocr_page ocr_carea ocr_par ocr_line ocrx_word'/>
</head>
<body>
  <div class='ocr_page' id='page_1' title='image "./dionysihalicarn02diongoog_0317.png"; bbox 0 0 2414 3840; ppageno 0'>
   <div class='ocr_carea' id='block_1_1' title="bbox 566 192 726 243">
    <p class='ocr_par' dir='ltr' id='par_1_1' title="bbox 566 192 726 243">
     <span class='ocr_line' id='line_1_1' title="bbox 566 192 726 243; baseline -0.006 -14"><span class='ocrx_word' id='word_1_1' title='bbox 566 192 726 243; x_wconf 73' lang='grc' dir='ltr'><em>,ς-</em></span> 
     </span>
    </p>
   </div>
   <div class='ocr_carea' id='block_1_2' title="bbox 94 324 1205 3083">
    <p class='ocr_par' dir='ltr' id='par_1_2' title="bbox 94 324 1205 3083">
     <span class='ocr_line' id='line_1_2' title="bbox 140 324 1154 435; baseline -0.001 -19"><span class='ocrx_word' id='word_1_2' title='bbox 140 347 171 416; x_wconf 88' lang='grc' dir='ltr'><em>δ’</em></span> <span class='ocrx_word' id='word_1_3' title='bbox 198 350 271 434; x_wconf 82' lang='grc' dir='ltr'><em>ἑξῆς</em></span> <span class='ocrx_word' id='word_1_4' title='bbox 298 349 404 435; x_wconf 86' lang='grc' dir='ltr'><em>ῆμέρηι</em></span> <span class='ocrx_word' id='word_1_5' title='bbox 427 360 537 434; x_wconf 88' lang='grc' dir='ltr'><em>παρῆν</em></span> <span class='ocrx_word' id='word_1_6' title='bbox 561 351 602 414; x_wconf 91' lang='grc' dir='ltr'><em>οὐ</em></span> <span class='ocrx_word' id='word_1_7' title='bbox 627 353 732 432; x_wconf 94' lang='grc' dir='ltr'><em>μόνον</em></span> <span class='ocrx_word' id='word_1_8' title='bbox 763 348 780 413; x_wconf 99' lang='lat'>6</span> <span class='ocrx_word' id='word_1_9' title='bbox 809 350 891 413; x_wconf 83' lang='grc' dir='ltr'><em>κατὰ</em></span> <span class='ocrx_word' id='word_1_10' title='bbox 914 324 1021 414; x_wconf 35' lang='grc' dir='ltr'><em>πόλιν)</em></span> <span class='ocrx_word' id='word_1_11' title='bbox 1043 351 1154 434; x_wconf 80' lang='grc' dir='ltr'><strong><em>ὄχλος,</em></strong></span> 
     </span>
     <span class='ocr_line' id='line_1_3' title="bbox 138 454 1155 539; baseline -0.001 -17"><span class='ocrx_word' id='word_1_12' title='bbox 138 457 221 522; x_wconf 88' lang='grc' dir='ltr'><em>ἀλλά</em></span> <span class='ocrx_word' id='word_1_13' title='bbox 249 454 304 522; x_wconf 85' lang='grc' dir='ltr'><em>καὶ</em></span> <span class='ocrx_word' id='word_1_14' title='bbox 332 456 368 520; x_wconf 93' lang='grc' dir='ltr'><em>ἐκ</em></span> <span class='ocrx_word' id='word_1_15' title='bbox 393 466 460 519; x_wconf 90' lang='grc' dir='ltr'><em>τῶν</em></span> <span class='ocrx_word' id='word_1_16' title='bbox 483 455 647 538; x_wconf 86' lang='grc' dir='ltr'><em>σύνεγγυς</em></span> <span class='ocrx_word' id='word_1_17' title='bbox 670 455 782 538; x_wconf 98' lang='grc' dir='ltr'><em>ἀγρῶν</em></span> <span class='ocrx_word' id='word_1_18' title='bbox 805 456 842 518; x_wconf 93' lang='grc' dir='ltr'><em>τὸ</em></span> <span class='ocrx_word' id='word_1_19' title='bbox 866 456 1048 538; x_wconf 90' lang='grc' dir='ltr'><em>δημοτικὸν</em></span> <span class='ocrx_word' id='word_1_20' title='bbox 1072 461 1155 539; x_wconf 88' lang='grc' dir='ltr'><em>πλῆ-</em></span> 
     </span>
     <span class='ocr_line' id='line_1_4' title="bbox 137 558 1156 645; baseline 0 -18"><span class='ocrx_word' id='word_1_21' title='bbox 137 570 201 639; x_wconf 85' lang='grc' dir='ltr'><em>θος</em></span> <span class='ocrx_word' id='word_1_22' title='bbox 223 559 278 627; x_wconf 84' lang='grc' dir='ltr'><em>καὶ</em></span> <span class='ocrx_word' id='word_1_23' title='bbox 301 558 344 644; x_wconf 83' lang='grc' dir='ltr'><em>ῆν</em></span> <span class='ocrx_word' id='word_1_24' title='bbox 367 561 400 638; x_wconf 83' lang='grc' dir='ltr'><em>ἐξ</em></span> <span class='ocrx_word' id='word_1_25' title='bbox 425 560 572 625; x_wconf 77' lang='grc' dir='ltr'><em>ἑωθινοῦ</em></span> <span class='ocrx_word' id='word_1_26' title='bbox 594 564 722 645; x_wconf 86' lang='grc' dir='ltr'><em>πλῆρης</em></span> <span class='ocrx_word' id='word_1_27' title='bbox 744 561 764 643; x_wconf 87' lang='grc' dir='ltr'><em>ῆ</em></span> <span class='ocrx_word' id='word_1_28' title='bbox 789 560 903 644; x_wconf 88' lang='grc' dir='ltr'><em>ἀγορά.</em></span> <span class='ocrx_word' id='word_1_29' title='bbox 939 570 997 644; x_wconf 90' lang='grc' dir='ltr'><em>τῆς</em></span> <span class='ocrx_word' id='word_1_30' title='bbox 1017 558 1055 626; x_wconf 75' lang='grc' dir='ltr'><em>δέ</em></span> <span class='ocrx_word' id='word_1_31' title='bbox 1074 566 1156 645; x_wconf 84' lang='grc' dir='ltr'><em>βου-</em></span> 
     </span>
     <span class='ocr_line' id='line_1_5' title="bbox 138 665 1155 751; baseline 0 -19"><span class='ocrx_word' id='word_1_32' title='bbox 138 673 198 750; x_wconf 85' lang='grc' dir='ltr'><em>λῆς</em></span> <span class='ocrx_word' id='word_1_33' title='bbox 220 671 460 751; x_wconf 75' lang='grc' dir='ltr'><em>συναχθείσης,</em></span> <span class='ocrx_word' id='word_1_34' title='bbox 491 667 546 731; x_wconf 83' lang='grc' dir='ltr'><em>ἵνα</em></span> <span class='ocrx_word' id='word_1_35' title='bbox 568 665 795 750; x_wconf 82' lang='grc' dir='ltr'><em>περὶτούτων</em></span> <span class='ocrx_word' id='word_1_36' title='bbox 819 668 1050 751; x_wconf 79' lang='grc' dir='ltr'><em>βουλεύσειεν,</em></span> <span class='ocrx_word' id='word_1_37' title='bbox 1080 669 1098 733; x_wconf 87' lang='grc' dir='ltr'>ὅ</span> <span class='ocrx_word' id='word_1_38' title='bbox 1123 691 1155 732; x_wconf 93' lang='grc' dir='ltr'><em>τι</em></span> 
     </span>
     <span class='ocr_line' id='line_1_6' title="bbox 111 769 1205 858; baseline 0.001 -20"><span class='ocrx_word' id='word_1_39' title='bbox 111 775 200 858; x_wconf 73' lang='grc' dir='ltr'><em>σχρῆ</em></span> <span class='ocrx_word' id='word_1_40' title='bbox 232 774 403 857; x_wconf 89' lang='grc' dir='ltr'><em>πράττειν,</em></span> <span class='ocrx_word' id='word_1_41' title='bbox 437 774 455 838; x_wconf 93' lang='lat'>6</span> <span class='ocrx_word' id='word_1_42' title='bbox 486 769 547 857; x_wconf 76' lang='grc' dir='ltr'><em>μέν</em></span> <span class='ocrx_word' id='word_1_43' title='bbox 567 771 708 848; x_wconf 77' lang='grc' dir='ltr'><em>’Ἁππιος</em></span> <span class='ocrx_word' id='word_1_44' title='bbox 736 775 928 856; x_wconf 77' lang='grc' dir='ltr'><em>δημοκόπον</em></span> <span class='ocrx_word' id='word_1_45' title='bbox 956 772 1065 838; x_wconf 90' lang='grc' dir='ltr'><em>ἐκάλει</em></span> <span class='ocrx_word' id='word_1_46' title='bbox 1092 776 1205 839; x_wconf 85' lang='grc' dir='ltr'><em>τὸν110</em></span> 
     </span>
     <span class='ocr_line' id='line_1_7' title="bbox 138 878 1156 965; baseline 0 -21"><span class='ocrx_word' id='word_1_47' title='bbox 138 881 347 963; x_wconf 76' lang='grc' dir='ltr'><em>συνάρχοντα</em></span> <span class='ocrx_word' id='word_1_48' title='bbox 379 878 433 944; x_wconf 82' lang='grc' dir='ltr'><em>καὶ</em></span> <span class='ocrx_word' id='word_1_49' title='bbox 461 889 518 963; x_wconf 90' lang='grc' dir='ltr'><em>τῆς</em></span> <span class='ocrx_word' id='word_1_50' title='bbox 549 879 708 954; x_wconf 79' lang='grc' dir='ltr'><em>ἀπονοίας</em></span> <span class='ocrx_word' id='word_1_51' title='bbox 734 890 802 943; x_wconf 91' lang='grc' dir='ltr'><em>τῶν</em></span> <span class='ocrx_word' id='word_1_52' title='bbox 833 879 966 963; x_wconf 88' lang='grc' dir='ltr'><em>ἀπόρων</em></span> <span class='ocrx_word' id='word_1_53' title='bbox 993 880 1156 965; x_wconf 80' lang='grc' dir='ltr'><em>ἡγεμόνα,</em></span> 
     </span>
     <span class='ocr_line' id='line_1_8' title="bbox 138 983 1156 1070; baseline 0 -20"><span class='ocrx_word' id='word_1_54' title='bbox 138 987 156 1051; x_wconf 93' lang='lat'>6</span> <span class='ocrx_word' id='word_1_55' title='bbox 190 983 227 1050; x_wconf 78' lang='grc' dir='ltr'><em>δέ</em></span> <span class='ocrx_word' id='word_1_56' title='bbox 255 989 453 1070; x_wconf 85' lang='grc' dir='ltr'><em>Σερουίλιος</em></span> <span class='ocrx_word' id='word_1_57' title='bbox 485 986 614 1050; x_wconf 81' lang='grc' dir='ltr'><em>ἐκεῖνον</em></span> <span class='ocrx_word' id='word_1_58' title='bbox 648 984 815 1068; x_wconf 88' lang='grc' dir='ltr'><em>αὐστηρὸν</em></span> <span class='ocrx_word' id='word_1_59' title='bbox 847 983 902 1049; x_wconf 82' lang='grc' dir='ltr'><em>καὶ</em></span> <span class='ocrx_word' id='word_1_60' title='bbox 934 986 1070 1069; x_wconf 89' lang='grc' dir='ltr'><em>αὐθάδη</em></span> <span class='ocrx_word' id='word_1_61' title='bbox 1098 984 1156 1050; x_wconf 83' lang='grc' dir='ltr'><em>καὶ</em></span> 
     </span>
     <span class='ocr_line' id='line_1_9' title="bbox 137 1078 1160 1176; baseline 0.002 -21"><span class='ocrx_word' id='word_1_62' title='bbox 137 1102 204 1156; x_wconf 92' lang='grc' dir='ltr'><em>τῶν</em></span> <span class='ocrx_word' id='word_1_63' title='bbox 227 1095 403 1176; x_wconf 81' lang='grc' dir='ltr'><em>παρόντων</em></span> <span class='ocrx_word' id='word_1_64' title='bbox 426 1100 465 1175; x_wconf 88' lang='grc' dir='ltr'><em>τῆ</em></span> <span class='ocrx_word' id='word_1_65' title='bbox 488 1095 582 1156; x_wconf 88' lang='grc' dir='ltr'><em>πόλει</em></span> <span class='ocrx_word' id='word_1_66' title='bbox 604 1101 715 1155; x_wconf 83' lang='grc' dir='ltr'><em>κακῶν</em></span> <span class='ocrx_word' id='word_1_67' title='bbox 735 1096 855 1156; x_wconf 86' lang='grc' dir='ltr'><em>αίτιον·</em></span> <span class='ocrx_word' id='word_1_68' title='bbox 883 1089 976 1167; x_wconf 80' lang='grc' dir='ltr'><em>τέλος</em></span> <span class='ocrx_word' id='word_1_69' title='bbox 995 1088 1027 1154; x_wconf 77' lang='grc' dir='ltr'><em>δ’</em></span> <span class='ocrx_word' id='word_1_70' title='bbox 1052 1078 1160 1157; x_wconf 73' lang='grc' dir='ltr'><em>οὐδέν</em></span> 
     </span>
     <span class='ocr_line' id='line_1_10' title="bbox 101 1193 1155 1283; baseline -0.001 -20"><span class='ocrx_word' id='word_1_71' title='bbox 101 1196 264 1280; x_wconf 78' lang='grc' dir='ltr'><em>2ἐγίνετο</em></span> <span class='ocrx_word' id='word_1_72' title='bbox 287 1208 354 1262; x_wconf 90' lang='grc' dir='ltr'><em>τῶν</em></span> <span class='ocrx_word' id='word_1_73' title='bbox 378 1201 496 1279; x_wconf 91' lang='grc' dir='ltr'><em>λόγων.</em></span> <span class='ocrx_word' id='word_1_74' title='bbox 534 1197 571 1261; x_wconf 87' lang='grc' dir='ltr'><em>έν</em></span> <span class='ocrx_word' id='word_1_75' title='bbox 590 1193 628 1260; x_wconf 75' lang='grc' dir='ltr'><em>δὲ</em></span> <span class='ocrx_word' id='word_1_76' title='bbox 646 1197 753 1283; x_wconf 80' lang='grc' dir='ltr'><em>τούτω</em></span> <span class='ocrx_word' id='word_1_77' title='bbox 768 1199 924 1261; x_wconf 88' lang='grc' dir='ltr'><em>Λατίνων</em></span> <span class='ocrx_word' id='word_1_78' title='bbox 943 1197 1052 1272; x_wconf 82' lang='grc' dir='ltr'><em>ίππεῖς</em></span> <span class='ocrx_word' id='word_1_79' title='bbox 1070 1199 1155 1262; x_wconf 86' lang='grc' dir='ltr'><em>κατά</em></span> 
     </span>
     <span class='ocr_line' id='line_1_11' title="bbox 97 1301 1155 1386; baseline 0.008 -26"><span class='ocrx_word' id='word_1_80' title='bbox 97 1321 122 1360; x_wconf 84' lang='grc' dir='ltr'><em>ιο</em></span> <span class='ocrx_word' id='word_1_81' title='bbox 137 1303 287 1385; x_wconf 86' lang='grc' dir='ltr'><em>σπουδῆν</em></span> <span class='ocrx_word' id='word_1_82' title='bbox 307 1301 503 1379; x_wconf 80' lang='grc' dir='ltr'><em>ἐλαύνοντες</em></span> <span class='ocrx_word' id='word_1_83' title='bbox 520 1304 599 1377; x_wconf 88' lang='grc' dir='ltr'><em>τούς</em></span> <span class='ocrx_word' id='word_1_84' title='bbox 617 1302 740 1378; x_wconf 82' lang='grc' dir='ltr'><em>ἵππους</em></span> <span class='ocrx_word' id='word_1_85' title='bbox 758 1310 911 1385; x_wconf 91' lang='grc' dir='ltr'><em>παρῆσαν</em></span> <span class='ocrx_word' id='word_1_86' title='bbox 930 1303 977 1377; x_wconf 88' lang='grc' dir='ltr'><em>είς</em></span> <span class='ocrx_word' id='word_1_87' title='bbox 994 1302 1056 1384; x_wconf 88' lang='grc' dir='ltr'><em>τῆν</em></span> <span class='ocrx_word' id='word_1_88' title='bbox 1075 1302 1155 1386; x_wconf 89' lang='grc' dir='ltr'><em>ἀγο-</em></span> 
     </span>
     <span class='ocr_line' id='line_1_12' title="bbox 137 1405 1154 1494; baseline 0.003 -24"><span class='ocrx_word' id='word_1_89' title='bbox 137 1408 200 1491; x_wconf 87' lang='grc' dir='ltr'><em>ράν</em></span> <span class='ocrx_word' id='word_1_90' title='bbox 224 1406 464 1490; x_wconf 80' lang='grc' dir='ltr'><em>ἐξεληλυθότας</em></span> <span class='ocrx_word' id='word_1_91' title='bbox 487 1405 704 1490; x_wconf 77' lang='grc' dir='ltr'><em>ἀγγέλλοντες</em></span> <span class='ocrx_word' id='word_1_92' title='bbox 726 1410 805 1483; x_wconf 89' lang='grc' dir='ltr'><em>τοὺς</em></span> <span class='ocrx_word' id='word_1_93' title='bbox 827 1409 1008 1488; x_wconf 86' lang='grc' dir='ltr'><em>πολεμίους</em></span> <span class='ocrx_word' id='word_1_94' title='bbox 1026 1411 1154 1494; x_wconf 83' lang='grc' dir='ltr'><em>μεγάλη</em></span> 
     </span>
     <span class='ocr_line' id='line_1_13' title="bbox 137 1511 1154 1600; baseline 0.003 -24"><span class='ocrx_word' id='word_1_95' title='bbox 137 1521 274 1600; x_wconf 79' lang='grc' dir='ltr'><em>στρατιᾷ</em></span> <span class='ocrx_word' id='word_1_96' title='bbox 301 1511 356 1578; x_wconf 84' lang='grc' dir='ltr'><em>καὶ</em></span> <span class='ocrx_word' id='word_1_97' title='bbox 385 1516 483 1589; x_wconf 80' lang='grc' dir='ltr'><em>ὄντας</em></span> <span class='ocrx_word' id='word_1_98' title='bbox 510 1511 563 1577; x_wconf 81' lang='grc' dir='ltr'><em>ἐπὶ</em></span> <span class='ocrx_word' id='word_1_99' title='bbox 590 1525 661 1589; x_wconf 82' lang='grc' dir='ltr'><em>τοῖς</em></span> <span class='ocrx_word' id='word_1_100' title='bbox 691 1512 819 1578; x_wconf 82' lang='grc' dir='ltr'><em>ἑαυτῶν</em></span> <span class='ocrx_word' id='word_1_101' title='bbox 847 1513 953 1596; x_wconf 86' lang='grc' dir='ltr'><em>ὁρίοις</em></span> <span class='ocrx_word' id='word_1_102' title='bbox 976 1514 1051 1596; x_wconf 91' lang='grc' dir='ltr'><em>ῆδη.</em></span> <span class='ocrx_word' id='word_1_103' title='bbox 1098 1514 1154 1579; x_wconf 82' lang='grc' dir='ltr'><em>καὶ</em></span> 
     </span>
     <span class='ocr_line' id='line_1_14' title="bbox 137 1615 1153 1704; baseline 0.002 -21"><span class='ocrx_word' id='word_1_104' title='bbox 137 1621 172 1683; x_wconf 87' lang='grc' dir='ltr'><em>οί</em></span> <span class='ocrx_word' id='word_1_105' title='bbox 192 1615 253 1703; x_wconf 80' lang='grc' dir='ltr'><em>μέν</em></span> <span class='ocrx_word' id='word_1_106' title='bbox 276 1629 389 1702; x_wconf 88' lang='grc' dir='ltr'><em>ταῦτα,</em></span> <span class='ocrx_word' id='word_1_107' title='bbox 414 1622 449 1684; x_wconf 87' lang='grc' dir='ltr'><em>οί</em></span> <span class='ocrx_word' id='word_1_108' title='bbox 468 1616 504 1684; x_wconf 82' lang='grc' dir='ltr'><em>δέ</em></span> <span class='ocrx_word' id='word_1_109' title='bbox 523 1621 690 1704; x_wconf 90' lang='grc' dir='ltr'><em>πατρίκιοι</em></span> <span class='ocrx_word' id='word_1_110' title='bbox 707 1617 763 1683; x_wconf 84' lang='grc' dir='ltr'><em>καὶ</em></span> <span class='ocrx_word' id='word_1_111' title='bbox 781 1620 819 1683; x_wconf 87' lang='grc' dir='ltr'><em>τὸ</em></span> <span class='ocrx_word' id='word_1_112' title='bbox 837 1629 905 1683; x_wconf 92' lang='grc' dir='ltr'><em>τῶν</em></span> <span class='ocrx_word' id='word_1_113' title='bbox 926 1617 1053 1683; x_wconf 84' lang='grc' dir='ltr'><em>ίππέων</em></span> <span class='ocrx_word' id='word_1_114' title='bbox 1071 1625 1153 1704; x_wconf 90' lang='grc' dir='ltr'><em>πλῆ-</em></span> 
     </span>
     <span class='ocr_line' id='line_1_15' title="bbox 135 1722 1155 1810; baseline 0.003 -22"><span class='ocrx_word' id='word_1_115' title='bbox 135 1731 200 1801; x_wconf 89' lang='grc' dir='ltr'><em>θος</em></span> <span class='ocrx_word' id='word_1_116' title='bbox 221 1737 289 1790; x_wconf 86' lang='grc' dir='ltr'><em>τῶν</em></span> <span class='ocrx_word' id='word_1_117' title='bbox 312 1722 343 1789; x_wconf 89' lang='grc' dir='ltr'><em>τ’</em></span> <span class='ocrx_word' id='word_1_118' title='bbox 370 1727 491 1807; x_wconf 90' lang='grc' dir='ltr'><em>ἀλλων,</em></span> <span class='ocrx_word' id='word_1_119' title='bbox 516 1725 590 1789; x_wconf 85' lang='grc' dir='ltr'><em>ὅσοι</em></span> <span class='ocrx_word' id='word_1_120' title='bbox 609 1725 775 1800; x_wconf 86' lang='grc' dir='ltr'><em>πλούτους</em></span> <span class='ocrx_word' id='word_1_121' title='bbox 793 1724 813 1807; x_wconf 87' lang='grc' dir='ltr'><em>ῆ</em></span> <span class='ocrx_word' id='word_1_122' title='bbox 833 1723 933 1801; x_wconf 81' lang='grc' dir='ltr'><em>δόξας</em></span> <span class='ocrx_word' id='word_1_123' title='bbox 951 1729 1155 1810; x_wconf 85' lang='grc' dir='ltr'><em>προγονικάς</em></span> 
     </span>
     <span class='ocr_line' id='line_1_16' title="bbox 97 1823 1153 1915; baseline 0.008 -26"><span class='ocrx_word' id='word_1_124' title='bbox 97 1849 122 1890; x_wconf 82' lang='lat'><em>15</em></span> <span class='ocrx_word' id='word_1_125' title='bbox 136 1826 243 1915; x_wconf 81' lang='grc' dir='ltr'><em>εἶχον,</em></span> <span class='ocrx_word' id='word_1_126' title='bbox 274 1823 328 1895; x_wconf 85' lang='grc' dir='ltr'><em>οἷα</em></span> <span class='ocrx_word' id='word_1_127' title='bbox 351 1833 392 1914; x_wconf 88' lang='grc' dir='ltr'><em>δῆ</em></span> <span class='ocrx_word' id='word_1_128' title='bbox 416 1829 491 1915; x_wconf 81' lang='grc' dir='ltr'><em>περὶ</em></span> <span class='ocrx_word' id='word_1_129' title='bbox 514 1831 668 1915; x_wconf 85' lang='grc' dir='ltr'><em>μεγάλων</em></span> <span class='ocrx_word' id='word_1_130' title='bbox 691 1831 947 1908; x_wconf 88' lang='grc' dir='ltr'><em>κινδυνεύοντες</em></span> <span class='ocrx_word' id='word_1_131' title='bbox 970 1831 1153 1910; x_wconf 81' lang='grc' dir='ltr'><em>ὡπλίζοντο</em></span> 
     </span>
     <span class='ocr_line' id='line_1_17' title="bbox 100 1931 1150 2021; baseline -0.001 -17"><span class='ocrx_word' id='word_1_132' title='bbox 100 1938 192 2004; x_wconf 86' lang='grc' dir='ltr'><em>3διδι</em></span> <span class='ocrx_word' id='word_1_133' title='bbox 219 1938 353 2021; x_wconf 85' lang='grc' dir='ltr'><em>τάχους·</em></span> <span class='ocrx_word' id='word_1_134' title='bbox 386 1937 460 2002; x_wconf 84' lang='grc' dir='ltr'><em>ὅσοι</em></span> <span class='ocrx_word' id='word_1_135' title='bbox 488 1935 518 2000; x_wconf 83' lang='grc' dir='ltr'><em>δ’</em></span> <span class='ocrx_word' id='word_1_136' title='bbox 541 1931 627 2019; x_wconf 80' lang='grc' dir='ltr'><em>ἦσαν</em></span> <span class='ocrx_word' id='word_1_137' title='bbox 651 1936 763 2001; x_wconf 89' lang='grc' dir='ltr'><em>αὐτῶν</em></span> <span class='ocrx_word' id='word_1_138' title='bbox 786 1937 921 2020; x_wconf 86' lang='grc' dir='ltr'><em>ἀποροι,</em></span> <span class='ocrx_word' id='word_1_139' title='bbox 951 1938 1094 2020; x_wconf 90' lang='grc' dir='ltr'><em>μάλιστα</em></span> <span class='ocrx_word' id='word_1_140' title='bbox 1119 1936 1150 2003; x_wconf 91' lang='grc' dir='ltr'><em>δ’</em></span> 
     </span>
     <span class='ocr_line' id='line_1_18' title="bbox 136 2039 1150 2126; baseline 0.002 -19"><span class='ocrx_word' id='word_1_141' title='bbox 136 2043 171 2107; x_wconf 86' lang='grc' dir='ltr'><em>οί</em></span> <span class='ocrx_word' id='word_1_142' title='bbox 190 2055 260 2120; x_wconf 79' lang='grc' dir='ltr'><em>τοῖς</em></span> <span class='ocrx_word' id='word_1_143' title='bbox 284 2045 430 2118; x_wconf 84' lang='grc' dir='ltr'><em>δανείοις</em></span> <span class='ocrx_word' id='word_1_144' title='bbox 452 2045 650 2126; x_wconf 79' lang='grc' dir='ltr'><em>πιεζόμενοι,</em></span> <span class='ocrx_word' id='word_1_145' title='bbox 674 2039 753 2106; x_wconf 84' lang='grc' dir='ltr'><em>οὐθ’</em></span> <span class='ocrx_word' id='word_1_146' title='bbox 775 2043 887 2107; x_wconf 85' lang='grc' dir='ltr'><em>ὅπλων</em></span> <span class='ocrx_word' id='word_1_147' title='bbox 911 2043 1055 2125; x_wconf 84' lang='grc' dir='ltr'><em>ῆπτοντο</em></span> <span class='ocrx_word' id='word_1_148' title='bbox 1076 2041 1150 2109; x_wconf 85' lang='grc' dir='ltr'><em>οὐτ’</em></span> 
     </span>
     <span class='ocr_line' id='line_1_19' title="bbox 135 2149 1150 2236; baseline 0.001 -22"><span class='ocrx_word' id='word_1_149' title='bbox 135 2151 242 2224; x_wconf 85' lang='grc' dir='ltr'><em>άλλως</em></span> <span class='ocrx_word' id='word_1_150' title='bbox 269 2152 468 2234; x_wconf 84' lang='grc' dir='ltr'><em>παρείχοντο</em></span> <span class='ocrx_word' id='word_1_151' title='bbox 496 2161 566 2226; x_wconf 77' lang='grc' dir='ltr'><em>τοῖς</em></span> <span class='ocrx_word' id='word_1_152' title='bbox 588 2160 716 2225; x_wconf 80' lang='grc' dir='ltr'><em>κοινοῖς</em></span> <span class='ocrx_word' id='word_1_153' title='bbox 738 2150 931 2234; x_wconf 89' lang='grc' dir='ltr'><em>πράγμασιν</em></span> <span class='ocrx_word' id='word_1_154' title='bbox 955 2149 1150 2236; x_wconf 83' lang='grc' dir='ltr'><em>ἐπικουρίαν</em></span> 
     </span>
     <span class='ocr_line' id='line_1_20' title="bbox 135 2252 1151 2339; baseline 0.003 -20"><span class='ocrx_word' id='word_1_155' title='bbox 135 2255 312 2338; x_wconf 87' lang='grc' dir='ltr'><em>οὐδεμίαν,</em></span> <span class='ocrx_word' id='word_1_156' title='bbox 340 2255 499 2338; x_wconf 75' lang='grc' dir='ltr'><em>ἡδόμενοι</em></span> <span class='ocrx_word' id='word_1_157' title='bbox 527 2253 565 2319; x_wconf 73' lang='grc' dir='ltr'><em>δὲ</em></span> <span class='ocrx_word' id='word_1_158' title='bbox 591 2253 646 2320; x_wconf 84' lang='grc' dir='ltr'><em>καὶ</em></span> <span class='ocrx_word' id='word_1_159' title='bbox 674 2252 745 2320; x_wconf 86' lang='grc' dir='ltr'><em>κατ’</em></span> <span class='ocrx_word' id='word_1_160' title='bbox 768 2255 869 2339; x_wconf 87' lang='grc' dir='ltr'><em>εὐχῆν</em></span> <span class='ocrx_word' id='word_1_161' title='bbox 894 2257 1070 2339; x_wconf 93' lang='grc' dir='ltr'><em>δεχόμενοι</em></span> <span class='ocrx_word' id='word_1_162' title='bbox 1093 2257 1151 2322; x_wconf 87' lang='grc' dir='ltr'><em>τὸν</em></span> 
     </span>
     <span class='ocr_line' id='line_1_21' title="bbox 96 2360 1150 2445; baseline 0.008 -26"><span class='ocrx_word' id='word_1_163' title='bbox 96 2380 121 2420; x_wconf 85' lang='grc' dir='ltr'><em>εο</em></span> <span class='ocrx_word' id='word_1_164' title='bbox 135 2360 263 2439; x_wconf 82' lang='grc' dir='ltr'><em>ἔξωθεν</em></span> <span class='ocrx_word' id='word_1_165' title='bbox 286 2363 443 2445; x_wconf 86' lang='grc' dir='ltr'><em>πόλεμον,</em></span> <span class='ocrx_word' id='word_1_166' title='bbox 468 2362 512 2437; x_wconf 80' lang='grc' dir='ltr'><em>ὡς</em></span> <span class='ocrx_word' id='word_1_167' title='bbox 534 2371 601 2425; x_wconf 91' lang='grc' dir='ltr'><em>τῶν</em></span> <span class='ocrx_word' id='word_1_168' title='bbox 624 2364 800 2444; x_wconf 90' lang='grc' dir='ltr'><em>παρόντων</em></span> <span class='ocrx_word' id='word_1_169' title='bbox 823 2370 910 2444; x_wconf 79' lang='grc' dir='ltr'><em>σφᾶς</em></span> <span class='ocrx_word' id='word_1_170' title='bbox 928 2371 1041 2425; x_wconf 89' lang='grc' dir='ltr'><em>κακῶν</em></span> <span class='ocrx_word' id='word_1_171' title='bbox 1062 2361 1150 2427; x_wconf 87' lang='grc' dir='ltr'><em>ἐλευ-</em></span> 
     </span>
     <span class='ocr_line' id='line_1_22' title="bbox 135 2463 1152 2551; baseline 0.003 -20"><span class='ocrx_word' id='word_1_172' title='bbox 135 2468 340 2551; x_wconf 85' lang='grc' dir='ltr'><em>θερωσοντα,</em></span> <span class='ocrx_word' id='word_1_173' title='bbox 363 2479 434 2543; x_wconf 80' lang='grc' dir='ltr'><em>τοῖς</em></span> <span class='ocrx_word' id='word_1_174' title='bbox 453 2463 533 2551; x_wconf 82' lang='grc' dir='ltr'><em>&lt;δέ&gt;</em></span> <span class='ocrx_word' id='word_1_175' title='bbox 553 2465 725 2549; x_wconf 90' lang='grc' dir='ltr'><em>δεομένοις</em></span> <span class='ocrx_word' id='word_1_176' title='bbox 748 2467 887 2550; x_wconf 92' lang='grc' dir='ltr'><em>ἀμύνειν</em></span> <span class='ocrx_word' id='word_1_177' title='bbox 906 2466 1152 2544; x_wconf 80' lang='grc' dir='ltr'><em>ἐπιδεικνύντες</em></span> 
     </span>
     <span class='ocr_line' id='line_1_23' title="bbox 134 2571 1200 2659; baseline 0.002 -21"><span class='ocrx_word' id='word_1_178' title='bbox 134 2574 192 2649; x_wconf 86' lang='grc' dir='ltr'><em>τάς</em></span> <span class='ocrx_word' id='word_1_179' title='bbox 220 2573 353 2649; x_wconf 83' lang='grc' dir='ltr'><em>ἁλύσεις</em></span> <span class='ocrx_word' id='word_1_180' title='bbox 380 2571 436 2638; x_wconf 82' lang='grc' dir='ltr'><em>καὶ</em></span> <span class='ocrx_word' id='word_1_181' title='bbox 459 2575 517 2648; x_wconf 87' lang='grc' dir='ltr'><em>τάς</em></span> <span class='ocrx_word' id='word_1_182' title='bbox 538 2571 655 2653; x_wconf 86' lang='grc' dir='ltr'><em>πέδας,</em></span> <span class='ocrx_word' id='word_1_183' title='bbox 685 2573 976 2657; x_wconf 81' lang='grc' dir='ltr'><em>ἐπικερτομοῦντες</em></span> <span class='ocrx_word' id='word_1_184' title='bbox 999 2573 1200 2659; x_wconf 84' lang='grc' dir='ltr'><em>ῆρώτων,110</em></span> 
     </span>
     <span class='ocr_line' id='line_1_24' title="bbox 134 2678 1151 2764; baseline 0.001 -21"><span class='ocrx_word' id='word_1_185' title='bbox 134 2682 166 2743; x_wconf 90' lang='grc' dir='ltr'><em>εί</em></span> <span class='ocrx_word' id='word_1_186' title='bbox 184 2682 312 2744; x_wconf 91' lang='grc' dir='ltr'><em>τούτων</em></span> <span class='ocrx_word' id='word_1_187' title='bbox 332 2685 483 2763; x_wconf 78' lang='grc' dir='ltr'><em>φυλακῆς</em></span> <span class='ocrx_word' id='word_1_188' title='bbox 507 2679 604 2744; x_wconf 80' lang='grc' dir='ltr'><em>ἕνεκα</em></span> <span class='ocrx_word' id='word_1_189' title='bbox 622 2691 690 2744; x_wconf 87' lang='grc' dir='ltr'><em>τῶν</em></span> <span class='ocrx_word' id='word_1_190' title='bbox 709 2679 848 2762; x_wconf 87' lang='grc' dir='ltr'><em>ἀγαθῶν</em></span> <span class='ocrx_word' id='word_1_191' title='bbox 867 2678 961 2757; x_wconf 83' lang='grc' dir='ltr'><em>ἀξιον</em></span> <span class='ocrx_word' id='word_1_192' title='bbox 982 2686 1032 2764; x_wconf 78' lang='grc' dir='ltr'><em>εἴη</em></span> <span class='ocrx_word' id='word_1_193' title='bbox 1053 2684 1151 2764; x_wconf 86' lang='grc' dir='ltr'><em>σφίσι</em></span> 
     </span>
     <span class='ocr_line' id='line_1_25' title="bbox 134 2783 1151 2871; baseline 0.001 -22"><span class='ocrx_word' id='word_1_194' title='bbox 134 2790 303 2869; x_wconf 81' lang='grc' dir='ltr'><em>πολεμεῖν·</em></span> <span class='ocrx_word' id='word_1_195' title='bbox 344 2784 462 2851; x_wconf 81' lang='grc' dir='ltr'><em>πολλοὶ</em></span> <span class='ocrx_word' id='word_1_196' title='bbox 495 2783 532 2851; x_wconf 77' lang='grc' dir='ltr'><em>δὲ</em></span> <span class='ocrx_word' id='word_1_197' title='bbox 563 2784 618 2850; x_wconf 80' lang='grc' dir='ltr'><em>καὶ</em></span> <span class='ocrx_word' id='word_1_198' title='bbox 648 2785 757 2868; x_wconf 88' lang='grc' dir='ltr'><em>λέγειν</em></span> <span class='ocrx_word' id='word_1_199' title='bbox 785 2787 948 2870; x_wconf 89' lang='grc' dir='ltr'><em>ἐτόλμων,</em></span> <span class='ocrx_word' id='word_1_200' title='bbox 982 2787 1027 2862; x_wconf 80' lang='grc' dir='ltr'><em>ὡς</em></span> <span class='ocrx_word' id='word_1_201' title='bbox 1059 2788 1151 2871; x_wconf 84' lang='grc' dir='ltr'><em>ἀμει-</em></span> 
     </span>
     <span class='ocr_line' id='line_1_26' title="bbox 94 2876 1152 2976; baseline 0.006 -26"><span class='ocrx_word' id='word_1_202' title='bbox 94 2909 120 2950; x_wconf 82' lang='lat'><em>25</em></span> <span class='ocrx_word' id='word_1_203' title='bbox 134 2914 196 2955; x_wconf 89' lang='grc' dir='ltr'><em>νον</em></span> <span class='ocrx_word' id='word_1_204' title='bbox 224 2897 274 2974; x_wconf 79' lang='grc' dir='ltr'><em>εἴη</em></span> <span class='ocrx_word' id='word_1_205' title='bbox 301 2876 527 2968; x_wconf 87' lang='grc' dir='ltr'><em>Οὐολούσκοις</em></span> <span class='ocrx_word' id='word_1_206' title='bbox 555 2893 729 2956; x_wconf 89' lang='grc' dir='ltr'><em>δουλεύειν</em></span> <span class='ocrx_word' id='word_1_207' title='bbox 757 2896 884 2976; x_wconf 84' lang='grc' dir='ltr'><em>μᾶλλον</em></span> <span class='ocrx_word' id='word_1_208' title='bbox 911 2891 931 2974; x_wconf 85' lang='grc' dir='ltr'><em>ῆ</em></span> <span class='ocrx_word' id='word_1_209' title='bbox 955 2892 1013 2968; x_wconf 87' lang='grc' dir='ltr'><em>τάς</em></span> <span class='ocrx_word' id='word_1_210' title='bbox 1035 2892 1152 2976; x_wconf 85' lang='grc' dir='ltr'><em>ύβρεις</em></span> 
     </span>
     <span class='ocr_line' id='line_1_27' title="bbox 133 2995 1151 3083; baseline 0.001 -23"><span class='ocrx_word' id='word_1_211' title='bbox 133 3007 201 3062; x_wconf 90' lang='grc' dir='ltr'><em>τῶν</em></span> <span class='ocrx_word' id='word_1_212' title='bbox 233 2999 415 3083; x_wconf 89' lang='grc' dir='ltr'><em>πατρικίων</em></span> <span class='ocrx_word' id='word_1_213' title='bbox 442 2995 635 3080; x_wconf 85' lang='grc' dir='ltr'><em>ὑπομένειν·</em></span> <span class='ocrx_word' id='word_1_214' title='bbox 672 2997 694 3080; x_wconf 87' lang='grc' dir='ltr'><em>ῆ</em></span> <span class='ocrx_word' id='word_1_215' title='bbox 723 3020 758 3061; x_wconf 88' lang='grc' dir='ltr'><em>τε</em></span> <span class='ocrx_word' id='word_1_216' title='bbox 792 3000 888 3073; x_wconf 88' lang='grc' dir='ltr'><em>πόλις</em></span> <span class='ocrx_word' id='word_1_217' title='bbox 920 2998 1067 3080; x_wconf 85' lang='grc' dir='ltr'><em>οίμωγῆς</em></span> <span class='ocrx_word' id='word_1_218' title='bbox 1095 2995 1151 3063; x_wconf 84' lang='grc' dir='ltr'><em>καὶ</em></span> 
     </span>
    </p>
   </div>
   <div class='ocr_carea' id='block_1_3' title="bbox 132 3221 1150 3492">
    <p class='ocr_par' dir='ltr' id='par_1_3' title="bbox 132 3221 1150 3492">
     <span class='ocr_line' id='line_1_28' title="bbox 205 3221 1150 3297; baseline 0.001 -19"><span class='ocrx_word' id='word_1_219' title='bbox 205 3231 220 3279; x_wconf 90' lang='grc'><strong>6</strong></span> <span class='ocrx_word' id='word_1_220' title='bbox 241 3223 426 3297; x_wconf 85' lang='grc' dir='ltr'><em>ἀπο&lt;νοί&gt;ας</em></span> <span class='ocrx_word' id='word_1_221' title='bbox 444 3223 487 3292; x_wconf 65' lang='grc' dir='ltr'><em>Βῆ</em></span> <span class='ocrx_word' id='word_1_222' title='bbox 526 3221 661 3296; x_wconf 84' lang='grc' dir='ltr'><em>ἀπό&gt;ρων</em></span> <span class='ocrx_word' id='word_1_223' title='bbox 678 3223 701 3276; x_wconf 90' lang='grc' dir='ltr'>Β</span> <span class='ocrx_word' id='word_1_224' title='bbox 776 3231 808 3278; x_wconf 84' lang='grc'><em>16</em></span> <span class='ocrx_word' id='word_1_225' title='bbox 828 3224 921 3279; x_wconf 85' lang='grc' dir='ltr'><em>αὐτῶν</em></span> <span class='ocrx_word' id='word_1_226' title='bbox 945 3225 1011 3293; x_wconf 71' lang='lat' dir='ltr'><strong>post</strong></span> <span class='ocrx_word' id='word_1_227' title='bbox 1030 3223 1150 3293; x_wconf 89' lang='grc' dir='ltr'><em>μάλιστα</em></span> 
     </span>
     <span class='ocr_line' id='line_1_29' title="bbox 134 3290 1149 3364; baseline 0.001 -15"><span class='ocrx_word' id='word_1_228' title='bbox 134 3290 163 3349; x_wconf 83' lang='grc' dir='ltr'><em>δ’</em></span> <span class='ocrx_word' id='word_1_229' title='bbox 179 3295 340 3364; x_wconf 83' lang='lat' dir='ltr'>ponendum</span> <span class='ocrx_word' id='word_1_230' title='bbox 355 3296 452 3347; x_wconf 76' lang='lat' dir='ltr'>censet</span> <span class='ocrx_word' id='word_1_231' title='bbox 460 3293 518 3346; x_wconf 75' lang='lat' dir='ltr'><em>Bfie</em></span> <span class='ocrx_word' id='word_1_232' title='bbox 540 3294 598 3347; x_wconf 81' lang='lat' dir='ltr'>eler</span> <span class='ocrx_word' id='word_1_233' title='bbox 626 3294 719 3349; x_wconf 80' lang='grc' dir='ltr'><em>αὐτῶν</em></span> <span class='ocrx_word' id='word_1_234' title='bbox 735 3293 789 3350; x_wconf 85' lang='lat' dir='ltr'>del.</span> <span class='ocrx_word' id='word_1_235' title='bbox 801 3295 923 3364; x_wconf 80' lang='lat' dir='ltr'><strong>Sylburg</strong></span> <span class='ocrx_word' id='word_1_236' title='bbox 951 3294 1011 3348; x_wconf 80' lang='grc' dir='ltr'><em>ὅσοι</em></span> <span class='ocrx_word' id='word_1_237' title='bbox 1030 3292 1059 3348; x_wconf 83' lang='grc' dir='ltr'><em>δ’</em></span> <span class='ocrx_word' id='word_1_238' title='bbox 1076 3290 1149 3364; x_wconf 80' lang='grc' dir='ltr'><em>ἦσαν</em></span> 
     </span>
     <span class='ocr_line' id='line_1_30' title="bbox 133 3363 1149 3436; baseline 0.003 -17"><span class='ocrx_word' id='word_1_239' title='bbox 133 3375 188 3422; x_wconf 86' lang='grc' dir='ltr'><em>τῶν</em></span> <span class='ocrx_word' id='word_1_240' title='bbox 212 3365 327 3436; x_wconf 85' lang='grc' dir='ltr'><em>ἀπόρων</em></span> <span class='ocrx_word' id='word_1_241' title='bbox 350 3381 373 3419; x_wconf 89' lang='grc' dir='ltr'><em>ο.</em></span> <span class='ocrx_word' id='word_1_242' title='bbox 399 3363 572 3434; x_wconf 75' lang='lat' dir='ltr'>Grasberger</span> <span class='ocrx_word' id='word_1_243' title='bbox 589 3363 665 3420; x_wconf 83' lang='grc' dir='ltr'><em>Τεεε.</em></span> <span class='ocrx_word' id='word_1_244' title='bbox 684 3365 800 3434; x_wconf 84' lang='lat' dir='ltr'><strong>Herbip.</strong></span> <span class='ocrx_word' id='word_1_245' title='bbox 819 3383 846 3434; x_wconf 85' lang='lat' dir='ltr'><em>p.</em></span> <span class='ocrx_word' id='word_1_246' title='bbox 861 3372 895 3421; x_wconf 78' lang='lat'><em>29</em></span> <span class='ocrx_word' id='word_1_247' title='bbox 988 3371 1021 3420; x_wconf 79' lang='lat'><em>21</em></span> <span class='ocrx_word' id='word_1_248' title='bbox 1042 3364 1074 3420; x_wconf 77' lang='grc' dir='ltr'><em>δέ</em></span> <span class='ocrx_word' id='word_1_249' title='bbox 1095 3367 1149 3423; x_wconf 82' lang='lat' dir='ltr'>del.</span> 
     </span>
     <span class='ocr_line' id='line_1_31' title="bbox 132 3433 509 3492; baseline -0.003 -4"><span class='ocrx_word' id='word_1_250' title='bbox 132 3435 237 3490; x_wconf 82' lang='lat' dir='ltr'>Reiske</span> <span class='ocrx_word' id='word_1_251' title='bbox 310 3441 345 3490; x_wconf 83' lang='lat'><em>24</em></span> <span class='ocrx_word' id='word_1_252' title='bbox 364 3433 395 3490; x_wconf 74' lang='grc' dir='ltr'><em>δὲ</em></span> <span class='ocrx_word' id='word_1_253' title='bbox 414 3434 509 3492; x_wconf 90' lang='lat' dir='ltr'><strong>om.B</strong></span> 
     </span>
    </p>
   </div>
   <div class='ocr_carea' id='block_1_4' title="bbox 0 0 1212 3840">
    <p class='ocr_par' dir='ltr' id='par_1_4' title="bbox 0 0 1212 3840">
     <span class='ocr_line' id='line_1_32' title="bbox 0 0 1212 3840; baseline 0 3"><span class='ocrx_word' id='word_1_254' title='bbox 0 0 1212 3840; x_wconf 95' lang='lat' dir='ltr'><em> </em></span> 
     </span>
    </p>
   </div>
  </div>
 </body>
</html>
