2414 3840
531 198 690 250 -ς-

97 356 274 447 Ἑρμήνιος
301 360 490 443 ἀνειληφὼς
516 361 595 435 τοὺς
618 357 831 444 φοβηθέντας
854 358 890 424 ἐκ
912 367 971 442 τῆς
993 367 1117 443 τροπῆς

99 478 168 531 τῶν
191 465 362 553 σφετέρων
385 462 465 550 ἦγεν
489 463 542 531 ἐπὶ
565 467 644 542 τοὺς
666 463 742 553 περὶ
765 467 824 531 τὸν
842 468 1017 550 Μαμίλιον
1036 481 1116 530 συυ-

100 583 256 649 εστῶτας·
296 570 352 638 καὶ
384 573 562 655 συμπεσὼν
594 571 683 658 αὐτῷ
716 574 859 658 μεγίστῳ
891 594 926 635 τε
956 573 1030 636 όντι
1061 570 1117 637 καὶ

100 678 216 763 ῥώμην
235 678 358 765 ἀρίστῳ
376 688 444 743 τῶν
467 674 546 742 καθ’
573 677 676 742 αὑτὸν
697 679 783 759 [τότε
802 676 1007 759 ἀνθρώπων]
1033 676 1116 743 ἐκεῖ·

72 786 161 848 σνόν
192 781 221 848 τ’
262 784 447 849 ἀποκτείνει
482 781 538 848 καὶ
570 783 669 867 αι’μὸς
702 783 738 848 ἐν
772 791 817 870 τῷ
847 785 1022 848 σκυλεύειν
1057 785 1117 849 τὸν

99 890 220 975 νεκρὸν
242 887 379 973 πληγεὶς
400 888 466 955 ὑπό
488 912 579 965 τινος
602 887 692 971 ξίφει
716 890 773 953 όιά
795 897 852 972 τῆς
874 891 1017 972 λαγόνος
1035 889 1116 956 ἀπο-

63 995 250 1079 5θνήσκει.
296 995 420 1073 Σέξτος
448 992 486 1060 δὲ
512 995 697 1081 Ταρκύνιος
719 1004 780 1060 τοῦ
803 1001 900 1061 λαιοῦ
923 1006 991 1060 τῶν
1014 1001 1117 1062 Λατί-

98 1125 169 1167 νων
196 1101 334 1186 κέρατος
359 1101 545 1185 ἡγούμενος
573 1100 722 1185 ἀντεῖχεν
750 1104 798 1165 ἐτι
820 1112 890 1178 τοῖς
914 1103 1038 1180 δεινοῖς
1061 1103 1116 1169 καὶ

98 1209 177 1283 τοὺς
209 1205 262 1272 ἐπὶ
293 1216 354 1272 τοῦ
388 1206 499 1285 δεξιοῦ
529 1216 597 1270 τῶν
620 1203 789 1291 Ῥωμαίων
816 1206 953 1292 κέρατος
981 1207 1117 1286 ἐξεώθει

61 1333 88 1372 10
100 1321 159 1396 τῆς
181 1313 340 1390 στάσεως·
373 1313 417 1390 ώς
441 1310 477 1378 δὲ
495 1314 554 1378 τὸυ
568 1315 762 1398 Ποστόμιον
781 1313 944 1379 ἐθεάσατο
963 1316 1028 1379 σὺν
1047 1327 1117 1392 τοῖς

99 1416 281 1496 ἐπιλέκτοις
318 1420 474 1485 ἱππεῦσιν
510 1419 753 1504 ἐπιφερόμενον
786 1419 955 1503 ἀπογνοὺς
987 1420 1117 1506 ἀπάσης

99 1523 233 1602 ἐλπίδος
261 1527 308 1603 είς
331 1524 452 1610 μέσους
475 1525 597 1602 αὐτοὺς
620 1525 717 1590 ἵεται·
754 1528 840 1591 ἔνθα
864 1526 904 1610 δὴ
928 1526 1116 1605 κυκλωθεὶς

97 1630 164 1694 ὑπὸ
192 1641 260 1696 τῶν
282 1631 452 1717 Ῥωμαίων
481 1629 607 1696 ίππέων
634 1654 669 1695 τε
696 1629 752 1696 καὶ
779 1635 884 1710 πεζῶν
912 1629 967 1696 καὶ
996 1636 1116 1717 βαλλό-

98 1759 198 1822 μενος
224 1741 436 1823 πανταχόθεν
460 1738 569 1822 ὥσπερ
592 1739 731 1823 θηρίου,
761 1739 823 1802 οὐκ
846 1739 928 1803 ἀνευ
950 1748 1011 1804 τοῦ
1036 1747 1159 1806 πολ-101

59 1861 84 1901 15
99 1844 180 1919 λοὺς
207 1842 398 1911 ἀποκτείναι
425 1854 492 1908 τῶν
520 1843 622 1927 ὁμόσε
649 1844 872 1928 χωρησάντων
895 1845 1115 1929 ἀποθνήσκει.

97 1951 269 2014 πεσόντων
301 1946 338 2014 δέ
368 1960 435 2015 τῶν
462 1949 653 2033 ἡγεμόνων,
687 1948 797 2036 ἀθρόα
824 1953 951 2034 γίνεται
978 1952 1116 2019 πάντων

98 2054 216 2120 αὐτίκα
247 2065 315 2119 τῶν
344 2056 500 2119 Λατίνων
533 2055 624 2138 φυγὴ
657 2051 712 2119 καὶ
743 2064 805 2121 τοῦ
832 2055 975 2143 χάρακος
1003 2058 1116 2124 αὐτῶν

98 2161 224 2247 ἐρήμου
242 2158 525 2244 καταλειφθέντος
542 2159 608 2225 ὑπὸ
621 2170 690 2224 τῶν
704 2160 864 2245 φυλάκων
878 2163 1012 2246 ἀλωσις,
1031 2164 1115 2230 ὅθεν

63 2267 134 2332 6οί
149 2263 303 2351 Ῥωμαῖοι
326 2268 450 2343 πολλὰς
473 2263 528 2331 καὶ
550 2267 652 2343 καλάς
675 2269 797 2350 ἔλαβον
821 2267 990 2351 ώφελείας.
1033 2287 1115 2354 συμ-

58 2392 84 2432 εο
98 2373 189 2459 φορά
218 2395 254 2438 τε
282 2373 365 2456 αὕτη
395 2376 530 2457 μεγίστη
559 2375 717 2448 Λατίνοις
745 2372 891 2455 ἐγένετο,
922 2371 966 2439 δι’
994 2374 1039 2458 ἣν
1062 2375 1114 2441 ἐπὶ

97 2485 253 2545 πλείστου
268 2479 497 2563 ἐκακώθησαν,
515 2476 571 2544 καὶ
586 2481 717 2564 φθόρος
734 2480 907 2563 σωμάτωυ,
927 2480 1006 2558 ὅσος
1021 2483 1114 2548 οὔπω

97 2588 276 2671 πρότερον*
308 2586 372 2652 ἀπὸ
395 2588 459 2671 χάρ
482 2587 765 2671 τετρακισμυρίων
787 2588 893 2663 πεζῶν
916 2585 972 2651 καὶ
990 2605 1115 2673 τρισχι-

98 2694 180 2756 λίων
213 2690 356 2776 ἱππέων,
389 2693 498 2777 ὥσπερ
531 2694 633 2774 ἐφην,
671 2691 707 2755 οί
734 2689 928 2775 λειφθέντες
959 2692 1115 2772 ἐλάττους

98 2801 229 2882 μυρίων
252 2796 429 2881 ἐσώθησαν
453 2795 506 2863 ἐπὶ
528 2798 569 2861 τά
591 2796 743 2882 σφέτερα.

56 2920 83 2961 ει
164 2904 254 2968 ΧΙΙΙ.
284 2901 340 2968 Ἐν
371 2905 474 2989 ταύτη
506 2901 660 2985 λέγονται
687 2911 726 2988 τη
755 2901 840 2987 μάχη
870 2906 1051 2992 Ποστομίῳ
1080 2929 1115 2971 τε

169 3095 410 3167 ΙχερμίνιοςΑΒ
460 3092 569 3163 λπαρόι
583 3094 635 3147 ΑΒ
671 3092 772 3163 περλΕ
788 3093 954 3164 etSylburg
1004 3093 1114 3168 4ῥώμχ

96 3167 120 3221 Β
158 3164 251 3238 όόμης
269 3167 295 3220 R
331 3164 369 3238 όό
391 3186 427 3234 ην
450 3164 540 3220 Cobet
563 3164 627 3220 obs.
647 3182 675 3234 p.
696 3170 746 3218 112
837 3172 892 3219 τῶν
916 3161 990 3218 καθ’
1012 3161 1115 3222 ἑαυτὸν

95 3237 158 3294 τότε
181 3239 344 3309 ἀνθρώπων
423 3243 479 3291 τῶν
502 3233 574 3288 καθ’
596 3230 698 3290 ἑαυτὸν
718 3237 767 3288 aut
788 3241 845 3290 ’τῶν
868 3234 930 3290 τότε
950 3237 1114 3306 ἀνθρώπων

96 3310 246 3364 scribenda
264 3324 326 3363 οεεο
345 3307 442 3361 censet
461 3304 584 3359 Sintenis
604 3307 663 3360 Em.
682 3304 764 3361 Dion.
783 3305 796 3356 Ι
812 3311 827 3358 9
930 3313 946 3361 9
967 3303 981 3361 ἐ
1000 3309 1073 3363 όθει
1092 3309 1114 3364 0

96 3375 215 3446 ἐξεώθει
233 3379 322 3433 Cobet
340 3377 405 3433 obs.
424 3395 451 3446 p.
473 3381 523 3430 112
625 3383 656 3430 11
677 3371 900 3445 ἐπιφαινόμενον
920 3379 943 3431 Ο
997 3378 1116 3449 πιφερό·

80 3469 179 3518 μενον
199 3448 350 3521 Kiessfing
368 3447 533 3504 dubitanter
