2414 3840
494 169 659 217 -Δ-
1020 161 1083 227 125

68 332 197 415 πολλὴν
219 329 355 416 σφόδρα
378 323 500 410 οὖσαν,
527 324 583 393 καὶ
606 326 755 410 ἀδελφὸν
777 325 1019 410 πρεσβύτερον,
1049 325 1085 402 ὃς

74 437 183 519 ἐμελλε
203 438 407 522 τιμωρήσειν
429 441 475 522 τῷ
498 432 637 520 θανάτῳ
660 441 721 498 τοῦ
743 434 881 517 πατρός,
913 433 944 497 εί
965 432 1009 516 μὴ
1032 430 1085 513 γέ-

78 563 163 608 νοιτο
191 541 358 625 ἐκποδῶν,
385 540 508 625 ἀφανεῖ
534 540 673 627 θανάτῳ
703 538 980 624 διαχρησάμενος,
1007 534 1081 603 οὐδ’

83 644 157 730 ἐμοῦ
177 650 276 733 δῆλος
298 643 342 732 ἦν
366 649 564 731 φεισόμενος
588 644 713 731 ἐρήμου
730 655 798 710 τῶν
817 643 1085 728 ἀναγκαιοτάτων

88 755 265 838 γεγονότος,
298 757 330 819 εί
359 754 403 839 μὴ
435 753 498 836 την
530 750 688 817 ἐπίθετον
721 751 915 836 ἐσκηψάμην
947 753 1112 837 μωρίανε

93 861 174 924 τοῦτό
194 884 231 944 με
253 861 292 925 τδ
315 859 449 944 πλάσμα
471 854 654 924 πιστευθὲν
676 857 741 924 ὑπὸ
765 866 825 922 τοῦ
848 857 1017 942 τυράννου
1040 858 1121 941 μὴ4

28 946 33 957 ’
97 963 179 1030 ταάτά
197 971 320 1032 παθεῖν
343 964 482 1042 ἐκείνοις
504 964 667 1051 ἐρρύσατο
690 962 744 1029 καὶ
768 962 862 1050 μέχρι
883 972 944 1028 τοῦ
962 965 1086 1046 παρόν-

101 1091 143 1146 τος
160 1069 332 1138 διασέσωκε
354 1073 494 1158 χρόνου·
519 1080 584 1136 νῦν
607 1068 638 1135 δ’
661 1070 742 1136 αὐτὸ
765 1080 909 1156 πρῶτον,
932 1070 1003 1153 ἥκει
1021 1070 1085 1154 γάρ

104 1172 244 1264 όκαιρός,
275 1177 316 1244 δν
339 1177 485 1263 εὐχόμην
507 1200 543 1242 τε
565 1175 622 1243 καὶ
643 1177 909 1263 προσεδεχόμην,
936 1173 1086 1261 πέμπτον

103 1278 150 1364 ἤδη
166 1292 257 1351 τοῦτο
279 1281 336 1350 καὶ
358 1284 511 1350 εἰκοστὸν
530 1285 602 1359 ἔτος
621 1280 769 1366 φυλάξας
788 1282 996 1366 ἀποτίθεμαι.
1030 1279 1085 1348 καὶ
1100 1303 1126 1342 ιο

104 1385 132 1448 τά
147 1384 196 1472 μὲν
216 1387 291 1477 περὶ
314 1389 396 1475 ἐμοῦ
418 1398 572 1456 τοσαῦτα.

53 1511 104 1562 824
151 1492 316 1562 LXXVIII.
353 1496 400 1561 Τά
424 1492 461 1561 δέ
483 1496 595 1579 κοινά,
618 1490 702 1581 ὑπὲρ
726 1489 774 1560 ὧν
795 1495 881 1581 ὑμᾶς
903 1497 951 1573 είς
972 1495 1085 1579 ἐκκλη-

28 1622 30 1631 ·
103 1599 159 1664 σίαν
170 1602 380 1684 συνεκάλεσα,
398 1611 480 1667 ταῦτ
481 1599 585 1668 ’.ἐστί
613 1603 801 1688 Ταρκύνιον
816 1602 892 1668 οὔτε
909 1604 992 1668 κατὰ
1007 1604 1086 1679 τοὺς

28 1640 32 1783 ί
100 1709 231 1792 πατρίους
257 1708 353 1793 ἡμῶν
380 1707 542 1793 ἐθισμοὺς
567 1705 623 1775 καὶ
649 1710 775 1793 νόμους
801 1709 863 1792 την
886 1709 1085 1772 δυναστείαν

28 1790 32 1881 ί
98 1818 278 1898 κατασχόντα
297 1813 380 1897 ουτ’,
405 1814 518 1899 ἐπειδὴ
536 1813 693 1945 κατέσχεν
708 1814 796 1890 ὅπως
811 1815 945 1897 δήποτε
960 1814 1085 1897 λαβών,
1102 1833 1126 1873 15

95 1921 180 1997 καλῶς
202 1920 285 2007 αὕτη
309 1916 364 1986 καλ
387 1923 567 2003 βασιλικῶς
585 1921 769 2007 χρώμενον,
793 1916 865 1986 ἀλλ’
882 1921 1086 2006 ὑπερβεβλη-

91 2025 154 2090 κότα
181 2027 308 2103 πάντας
340 2025 436 2111 ὕβρει
463 2049 499 2092 τε
525 2024 581 2092 καλ
607 2030 797 2115 παρανομίᾳ
824 2029 904 2104 τοὺς
931 2027 1016 2093 ὅπου
1044 2028 1086 2111 δή

87 2150 152 2196 τοτε
177 2129 380 2215 γενομένους
406 2133 607 2218 τυράννους,
636 2132 821 2218 ἀφελέσθαι
845 2135 907 2217 τὴν
931 2132 1086 2212 ἐξουσίαν

84 2239 324 2323 βεβουλεύμεθα
356 2240 581 2316 συνελθόντες
613 2240 648 2305 οί
676 2242 857 2326 πατρίκιοι,
890 2240 991 2305 πάλαι
1025 2236 1086 2323 μὲν

80 2343 163 2428 δέον,
186 2343 224 2410 ἐν
247 2351 352 2432 καιρῷ
371 2340 407 2409 δέ
425 2353 490 2410 νῦν
509 2345 591 2410 αὐτὸ
605 2354 780 2422 ποιοῦντες
794 2344 978 2430 ἐπιτηδείῳ,
1002 2344 1087 2428 ὑμᾶς
1100 2364 1126 2404 ιο

77 2444 114 2534 τ’,
147 2445 174 2516 ὦ
208 2451 366 2535 δημόται,
398 2448 680 2537 συνεκαλέσαμεν,
712 2451 768 2517 ἵνα
799 2451 861 2533 τὴν
891 2453 1087 2537 προαίρεσιν

73 2555 327 2640 ἀποδειξάμενοι
357 2557 419 2640 τὴν
452 2555 580 2623 ἑαυτῶν
612 2557 862 2642 συναγωνιστάς
895 2555 1086 2641 ἀξιώσωμεν

71 2663 152 2748 ἡμῖν
173 2661 346 2747 γενέσθαι,
371 2663 575 2748 πράττοντας
598 2663 796 2750 ἐλευθερίαν
818 2672 857 2748 τῇ
879 2665 1024 2750 πατρίδι,
1047 2661 1086 2748 ἧς

38 2800 42 2809 ·
70 2771 149 2836 οὔτε
171 2770 336 2855 πρότερον
358 2767 439 2852 ἡμῖν
462 2766 627 2851 ἐξεγένετο
650 2772 857 2855 μεταλαβεῖν,
881 2768 914 2848 ἐξ
938 2765 979 2836 οὗ
1001 2775 1086 2856 Ταρ-

67 2878 186 2953 κόνιος
217 2875 280 2958 την
312 2872 417 2960 ἀρχὴν
444 2872 615 2959 κατέσχεν,
649 2871 726 2940 οὔθ’
748 2875 904 2962 ὕστερον,
937 2875 995 2942 ἐάν
1021 2887 1086 2943 νῦν
1099 2894 1125 2935 25

67 2985 342 3067 μαλακισθῶμεν,
361 2976 497 3057 ἐξέσται.
529 2981 560 3045 εί
576 2976 638 3065 μέν
657 2975 719 3046 οὖν
737 2984 861 3067 χρόνον
879 2977 979 3067 εἶχον,
1004 2983 1120 3049 ὄσον2

140 3213 159 3261 4
177 3207 253 3276 ἀναγ
254 3207 343 3261 καίων
367 3223 390 3260 ο.
410 3205 569 3276 Stephanus
650 3214 665 3263 '1
683 3206 720 3262 τὰ
737 3207 811 3263 αάτα
828 3208 851 3261 Β
930 3215 962 3265 17
981 3228 1011 3263 τε
1030 3225 1083 3261 om.

67 3276 235 3350 ΒΙότοιδή
235 3296 303 3332 ποτε
322 3276 374 3330 ΑΒ
393 3226 532 3332 compost
552 3278 644 3332 hanus
735 3285 768 3333 19
787 3287 840 3334 νυν
859 3276 1084 3338 συνελθόντεςΟ

87 3348 224 3405 taeterB
279 3354 313 3403 21
332 3347 404 3403 τεΟ
459 3354 493 3403 23
499 3294 595 3439 τάνέ
582 3345 748 3420 ἐλευθερίαν
767 3348 971 3404 dubitantem.
990 3346 1085 3399 Riese-

67 3369 134 3490 f'mg
148 3425 153 3492 Ι
169 3417 343 3492 πράττοντες
359 3417 412 3473 ΔΒ
448 3418 623 3491 πράττοντας
639 3420 726 3490 vulgo
