2414 3840
498 191 676 244 -ς...

78 352 185 434 δευμα
207 361 274 416 τῶν
298 339 534 437 ἀνθρωπίνων,
559 349 637 435 μηδ’
658 353 752 436 ὑμεῖς
775 352 966 436 ἀνάσχησθε
986 351 1090 417 αὐτοῦ

76 455 234 540 λέγοντος
265 457 413 521 ἀνοσίων
444 455 500 522 καὶ
531 469 740 544 τυραννικῶν
770 459 962 544 ἀνθρώπων
988 479 1090 542 πονη-

77 563 233 649 ρεύματα,
257 561 277 627 δ
300 572 358 647 τής
375 563 544 648 Ῥωμαίων
567 564 684 650 ἀρετῆς
705 567 792 630 πολὺ
814 563 933 649 ἀπέχει.

145 669 308 734 LXXXV.
340 672 435 736 Μίαν
462 671 566 735 είπὼν
593 673 641 736 ἔτι
667 672 729 754 τήν
755 671 833 736 οὔτε
857 668 1090 756 ἀγνοουμένην

76 773 134 840 ὑπ’·
162 775 309 852 οὐδενὸς
330 775 523 860 ἀνθρώπων
553 776 629 841 οὔτε
653 775 978 869 ἀμφισβητουμένην
1007 778 1117 842 πασί-ε

77 899 186 966 σομαι.
222 885 272 957 τίς
296 875 326 945 δ’
349 878 439 946 ἐστίν
463 881 563 964 αὕτης
587 883 607 965 ἡ
630 883 667 948 τὸ
691 885 807 948 κοινὸν
831 881 1005 968 συμφέρον
1024 885 1090 948 είσ-

78 987 208 1072 άγουσα
233 985 289 1051 καὶ
317 985 363 1051 δι’
390 986 543 1070 ἀλλήλων
567 987 737 1075 ἀμφότερα
759 998 903 1054 ποιοῦσα
926 991 1091 1067 σώζεσθαι

42 1176 45 1181 Ι
75 1095 117 1158 τά
150 1091 241 1179 μέρη.
288 1095 370 1178 αὕτη
404 1092 518 1178 μέντοι
548 1096 662 1181 πρώτη
691 1093 747 1161 καὶ
775 1097 860 1179 μόνη
889 1095 1028 1179 συνάγει
1055 1118 1090 1160 τε

75 1199 162 1282 ἡμᾶς
193 1201 240 1276 είς
269 1203 306 1266 τὸ
339 1200 420 1265 αὐτὸ
452 1198 507 1265 καὶ
535 1201 596 1266 οὐκ
624 1201 713 1266 έάσει
740 1197 819 1266 ποτὲ
847 1199 910 1286 δίχ’
938 1201 1091 1286 ἀλλήλων

76 1293 245 1389 γενέσθαι.
292 1307 444 1390 δεήσεται
475 1309 538 1393 γὰρ
572 1305 623 1372 ἀεὶ
654 1306 710 1373 καὶ
742 1306 901 1374 οὐδέποτε
931 1309 1091 1378 παύσεται
1105 1326 1131 1367 ιο

10 1414 240 1496 ι236δεόμενον
262 1415 300 1478 τὸ
325 1409 385 1497 μὲν
409 1410 537 1498 ἀμαθές
558 1419 689 1498 πλῆθος
712 1417 879 1500 ἔμφρονος
901 1413 1091 1498 ἡγεμονίας,

76 1519 115 1583 τὸ
140 1514 171 1583 δ’
191 1518 350 1601 ἡγεῖσθαι
374 1519 564 1602 δυνάμενον
583 1521 824 1604 βουλευτήριον
842 1530 910 1584 τῶν
929 1520 1092 1604 ἀρχεσθαι

78 1622 297 1709 βουλομένων
330 1625 452 1709 όχλων·
489 1622 544 1689 καὶ
573 1624 613 1689 οὐ
642 1624 721 1711 δόξη
750 1627 857 1709 μόνον
884 1622 973 1689 τοῦτ’
1006 1625 1091 1689 είαά-

78 1749 207 1813 σαντες,
230 1728 390 1797 ἀλλὰκαὶ
413 1733 499 1818 ἔργφ
522 1730 739 1817 πειραθέντες
762 1737 866 1815 ίσμεν.
903 1733 939 1795 τί
957 1725 1020 1795 οὖν
1039 1718 1126 1798 δε-’2

79 1840 259 1921 διττόμεθα
290 1835 345 1901 καὶ
376 1837 550 1924 πράγματα
577 1836 764 1923 παρέχομεν
791 1837 959 1920 ἀλλήλοις;
993 1839 1028 1901 τί
1054 1833 1090 1902 δὲ
1105 1855 1131 1896 15

78 1948 200 2027 λόγους
221 1946 390 2030 πονηροὺς
412 1942 552 2028 λέγομεν
569 1946 695 2030 χρηστά
712 1944 886 2028 πράγματα
906 1945 1036 2028 ἔχοντες
1055 1941 1091 2008 έν

78 2054 209 2136 χερσίν,
240 2048 310 2116 ἀλλ’
339 2050 400 2116 οὐκ
428 2049 671 2129 ἀναπτύξαντες
698 2051 821 2127 αὐτοὺς
848 2047 903 2115 καὶ
930 2050 975 2114 τὼ
1003 2060 1091 2134 χείρε

79 2157 336 2242 περιβάλλοντες
368 2155 522 2240 ἀλλήλοις
552 2159 672 2243 ἀπιμεν
700 2158 747 2234 είς
773 2158 835 2240 τὴν
861 2157 1004 2241 πατρίδα
1031 2176 1091 2221 πα-

79 2264 178 2328 λαιάν
206 2261 324 2348 τέρψιν
350 2274 417 2328 τῶν
444 2262 591 2347 ἡδίστων
618 2261 674 2329 καὶ
701 2266 812 2329 πόθον
835 2263 990 2328 ἁπάντων
1013 2267 1092 2345 γλυ-

79 2370 223 2435 κύτατον
260 2370 524 2456 ἀποληψόμενοι,
562 2366 633 2436 ἀλλ’
665 2369 879 2454 ἐπιζητοῦμεν
909 2368 1092 2453 ἀσφαλείας
1106 2385 1132 2426 2⁰

79 2476 261 2560 ἀγενήτους
282 2474 338 2541 καὶ
361 2480 485 2554 πίστεις
508 2477 678 2560 ἀπίστους,
700 2478 810 2562 ὥσπερ
835 2476 871 2541 οί
889 2475 1091 2559 πολεμιώτα-

78 2573 131 2647 τοι
154 2580 209 2646 καὶ
232 2583 339 2648 πάντα
361 2583 603 2660 ὑποπτεύοντες
626 2581 679 2648 ἐπὶ
701 2584 739 2648 τὸ
762 2593 883 2668 χεῖρον.
920 2581 1000 2667 ἡμῖν
1019 2578 1091 2666 μέν,

55 2685 106 2754 ἀ
131 2689 286 2772 δημόται,
314 2699 384 2766 τοῖς
407 2689 443 2755 ἐκ
466 2699 526 2755 τοῦ
549 2691 727 2774 συνεδρίου
751 2694 809 2774 μία
831 2692 940 2765 πίστις
963 2687 1091 2772 ἀπόχρη

78 2792 155 2880 περὶ
186 2803 246 2860 τοῦ
278 2797 322 2881 μὴ
352 2797 396 2861 ἀν
425 2817 504 2861 ποτε
530 2796 615 2881 ὑμᾶς
642 2795 801 2880 γενέσθαι
827 2797 904 2881 περὶ
930 2794 1030 2879 ἡμᾶς,
1063 2794 1094 2858 εί

77 2899 282 2985 κατέλθοιτε,
304 2904 427 2980 κακοὺς
449 2903 575 2988 τροφάς
596 2925 631 2967 τε
652 2902 745 2987 ὑμῶν
764 2900 894 2986 ἀγαθάς
912 2903 1019 2966 είδόσι
1037 2897 1092 2965 καὶ
1106 2915 1132 2956 25

153 3028 167 3075 1
186 3019 267 3094 μηδ’]
287 3020 358 3094 μήθ’
375 3041 398 3078 ο.
413 3023 517 3078 Reiske
571 3030 588 3077 4
603 3025 675 3095 μίαν
686 3022 772 3078 εἰπὼν
788 3021 829 3078 ἔτι
841 3025 935 3078 πίστιν
950 3041 973 3077 ο.
988 3020 1092 3075 Reiske

79 3093 315 3162 όάνδρόπουΑ
380 3093 554 3150 όνοινὸνΒ
591 3103 673 3166 κοινῇ
692 3111 715 3149 ο.
734 3094 879 3164 Kiessling
942 3089 1092 3158 8συνάξει

80 3181 103 3219 c.
124 3162 288 3218 dubitanter
304 3164 449 3235 Kiessling
528 3172 561 3220 15
580 3166 629 3221 καὶ
647 3166 711 3220 εδδ.
730 3166 753 3219 Β
827 3172 859 3222 18
878 3164 1093 3240 περιβάλλοντες

78 3234 133 3288 ΑΒ
164 3234 362 3307 περιβαλόντες
376 3237 421 3310 ΒΙ
438 3237 571 3306 ἀλλήλους
585 3239 637 3291 ΑΒ
654 3245 658 3304 Ι
673 3237 799 3292 παλαιδιν
814 3235 836 3290 O
864 3236 952 3291 πάλαι
966 3253 987 3289 ο.
998 3234 1092 3288 Κὶθεε-

78 3305 142 3374 ling
206 3313 238 3359 21
259 3307 413 3377 ἀγενήτους
432 3307 454 3362 O
492 3308 650 3378 ἀνηνύτους
668 3326 691 3363 ο.
707 3307 832 3363 Sintenis
846 3307 906 3362 Em.
921 3307 1003 3361 Dion.
1017 3304 1044 3358 ΙΙ
1058 3311 1092 3359 28

80 3383 114 3431 22
134 3376 243 3446 ὴμῑνΒ
279 3379 345 3448 ὑμῖν
363 3381 389 3433 R
478 3387 512 3434 24
531 3379 604 3449 ἡμᾶς
623 3378 645 3433 O
664 3396 734 3434 corr.
754 3379 876 3449 Sylburg
961 3385 995 3432 25
1014 3377 1092 3446 ὑμῶν

64 3448 196 3519 ,ἀγαθάς
215 3446 303 3504 είδόσι
322 3450 344 3505 Ο
381 3453 447 3521 ὑμῖν
466 3451 580 3522 ἀγαθάς
599 3449 740 3507 συνειδόσι
759 3449 862 3504 Reiske
