2414 3840
520 168 683 218 ..Ε-

57 330 196 413 2μενοι.
243 327 287 404 ὡς
318 329 382 412 γὰρ
417 327 457 410 δή
490 335 690 413 κρατοῦντες
722 328 786 410 ήδη
813 324 869 392 καί
899 329 979 412 δίχα
1006 331 1113 397 πόνου

91 436 153 519 τήν
171 434 298 518 Ῥώμην
323 433 517 517 αἱρήσοντες
534 434 689 518 <αύτῶν>
706 435 750 518 μή
770 433 992 518 βουλομένων
1009 437 1052 501 τὰ
1064 460 1114 502 κεε

92 544 256 625 λευόμενα
278 551 388 605 ποιεῖν
396 589 406 625 ,
438 544 637 626 Ταρκυνίοις
659 563 694 606 τε
718 542 851 606 διδόναι
872 542 936 625 τήν
960 542 1114 609 κάθοδον

93 645 247 714 έκέλευον
278 644 334 712 καὶ
363 656 421 732 τῆς
448 647 627 733 ἡγεμονίας
654 650 751 731 σφίσι
778 658 994 735 παραχωρεῖν
1022 655 1113 717 πολι·

70 757 185 819 ιτείαν
208 778 243 819 τε
266 757 538 838 καταστήσασθαι
559 753 615 820 καὶ
638 758 776 840 νόμους,
799 754 858 832 οὓς
881 754 924 821 δν
945 756 983 820 οί
998 780 1113 842 κεκρα-

92 863 227 945 τηκότες
253 861 406 940 τάξωσιν.
452 860 713 947 ἀποκρινάμενοι
741 858 779 927 δὲ
801 872 870 938 τοῖς
892 866 1114 947 πρεσβευταῖς

93 964 312 1051 ἀπαγγέλλειν
341 969 425 1054 πρὸς
452 968 489 1033 τὸ
517 971 649 1051 κοινόν,
680 967 730 1033 ότι
753 964 909 1053 Ῥωμαῖοι
935 971 1114 1037 κελεύουσι

93 1077 265 1158 Σαβίνους
297 1075 382 1139 όπλα
414 1069 442 1138 τ’
469 1072 661 1140 ἀποθέσθαι
692 1073 749 1140 καί
775 1076 990 1161 παραδοῦναι
1018 1081 1114 1163 σφίσι

93 1183 151 1258 τὰς
179 1184 292 1257 πόλεις
314 1179 484 1263 ὑπηκόους
505 1176 534 1245 τ’
561 1176 646 1246 εἶναι
669 1181 785 1265 πόλιν,
814 1181 925 1268 ὥσπερ
948 1186 1113 1271 πρότερον

57 1311 84 1351 10
94 1283 197 1370 ήσαν,
225 1295 328 1352 ταῦτα
357 1284 394 1352 δὲ
421 1289 624 1370 ποιήσαντας
651 1287 800 1369 [αὐτοὺς]
823 1288 917 1371 ήκειν
939 1292 1016 1355 τότε
1039 1288 1114 1376 περὶ

94 1388 142 1458 ὧν
169 1393 334 1477 ἠδίκησαν
361 1392 381 1476 ή
410 1394 619 1478 κατέβλαψαν
647 1395 770 1472 αὐτοὺς
792 1393 830 1460 έν
852 1406 925 1472 ταῖς
947 1399 1114 1483 πρότερον

94 1503 262 1584 εἰσβολαῖς
295 1500 533 1586 δεησομένους,
567 1502 598 1565 εί
625 1502 806 1584 βούλονται
837 1512 951 1586 τυχεῖν
980 1504 1114 1589 είρήυης

94 1604 149 1672 καὶ
177 1610 304 1691 φιλίας·
338 1607 396 1672 ἐὰν
429 1603 467 1672 δὲ
494 1608 538 1692 μή
566 1618 688 1673 ποιῶσι
714 1609 754 1672 τὰ
781 1611 984 1693 κελευόμενα
1011 1623 1114 1696 προσ-

95 1712 253 1801 δέχεσθαι
282 1715 342 1779 τὸν
372 1718 518 1799 πόλεμον
545 1712 668 1797 ἥξοντα
696 1711 749 1778 έπὶ
775 1715 835 1791 τὰς
861 1718 975 1793 πόλεις
1002 1715 1114 1782 αὐτῶν.

58 1793 157 1919 {ofin
183 1824 232 1899 είς
259 1821 397 1906 μακρόν.
443 1829 581 1886 τοιαῦτα
609 1819 841 1905 ἐπιταχθέντες
867 1844 902 1886 τε
925 1820 982 1888 καὶ
1005 1823 1114 1888 ἐπιτό-

95 1928 210 2007 ξαντες
241 1928 411 2011 ἀλλήλοις,
445 1926 558 2011 ἐπειδή
587 1936 688 1992 πᾶσιν
718 1926 941 2012 ἐξηρτύσαντο
969 1941 1042 2008 τοῖς
1068 1932 1114 2009 είς

93 2037 153 2101 τὸν
177 2029 290 2120 ἀγίονα
314 2033 531 2118 ἐπιτηδείοις,
551 2033 669 2119 έξήγον
692 2035 750 2112 τδις
774 2035 943 2120 δυνάμεις,
968 2041 1114 2122 Σαβῖνοι

94 2167 129 2209 τε
157 2143 220 2225 τήν
248 2144 429 2227 κρατίστην
458 2140 492 2218 ἐξ
520 2140 648 2225 ἁπάσης
675 2143 803 2218 πόλεως
828 2145 970 2226 νεότητα
998 2145 1114 2224 ὅπλοις

95 2247 269 2335 ἐκπρεπέσι
287 2246 537 2332 κεκοσμημένην
556 2247 766 2332 ἐπαγόμενοι,
780 2243 938 2334 Ῥωμαῖοί
949 2274 984 2316 τε
1002 2260 1114 2319 πᾶσαν

59 2359 156 2442 εοτήν
180 2357 325 2441 δύναμιν
347 2359 409 2440 τήν
432 2380 467 2421 τε
489 2357 572 2421 κατὰ
590 2358 689 2421 πόλιν
706 2353 761 2421 καί
780 2356 842 2439 τήν
861 2356 899 2421 ίν
916 2361 989 2436 τοίς
1007 2383 1114 2444 φρου-

96 2468 182 2550 ρίοις
214 2463 452 2547 ἀναλαβόντες,
485 2463 621 2540 ίκανοὺς
654 2464 802 2549 οίόμενοι
833 2467 913 2540 τοὺς
939 2462 1026 2550 ὑπὲρ
1052 2467 1114 2550 τήν

96 2572 337 2657 στρατεύσιμον
373 2570 507 2654 ήλικίαν
541 2572 721 2654 γεγονότας
758 2567 814 2635 καὶ
850 2572 911 2636 τὸν
948 2573 1114 2639 οἰκετικὸν

96 2680 197 2762 όχλον
228 2680 290 2761 τήν
322 2701 357 2743 τε
388 2680 488 2742 πόλιν
515 2675 571 2743 καὶ
596 2678 637 2741 τὰ
664 2675 717 2742 ἐπὶ
743 2684 802 2760 τής
828 2677 939 2762 χώρας
967 2676 1114 2765 ἐρύματα

60 2783 286 2869 4φνλάττειν.
332 2781 387 2849 καὶ
410 2786 632 2861 συνελθόντες
655 2783 756 2868 ὁμόσε
778 2788 931 2850 τίθενται
952 2788 1035 2864 τοὺς
1056 2786 1114 2872 χύ-

168 2947 182 2994 1
202 2941 391 3010 *κρατοῦντες
409 2941 503 2996 αὐτῶν
522 2941 545 2996 Ο
563 2942 678 3012 praeter
690 2941 721 3010 B,
742 2957 794 3010 ego
814 2941 994 2997 αύτῶνόοίο
1013 2942 1051 3013 μή
1069 2943 1114 2997 in-.

95 3013 171 3068 serui
230 3013 456 3084 6ἀπεκρίναντο
474 3030 497 3069 ο.
517 3011 663 3082 Kiessling
718 3011 809 3084 ίότι]
828 3011 858 3068 οί
875 3029 897 3068 ο.
916 3012 1023 3069 Βεὶελτε
1078 3021 1114 3068 1·

96 3085 198 3147 αύτούς
222 3083 275 3139 del.
295 3084 440 3153 Kiessling
465 3085 469 3156 Ι
493 3083 555 3140 τότε
578 3082 658 3153 ήκειν
682 3100 705 3138 c.
730 3082 820 3138 Cobet
839 3083 905 3139 Obs,
924 3103 952 3154 p.
971 3091 1021 3139 101
1079 3092 1114 3139 1.·

96 3153 296 3228 δεησομένους]
320 3152 523 3225 δικασομένονς
541 3173 564 3212 ο.
583 3154 735 3224 Bticheler,
760 3155 926 3226 συγγνώμην
944 3156 992 3210 vel
1010 3156 1110 3212 ἀδεια·

96 3225 298 3299 αἰτησομένους
323 3244 346 3282 ο.
371 3225 526 3297 Kiessfing,
555 3227 718 3298 συγγνώμης
745 3226 934 3297 δεησομένους
956 3243 980 3283 ο.
1004 3227 1114 3298 Kayse-

94 3300 167 3355 Ann.
186 3298 257 3369 phil„
273 3305 341 3354 1866
361 3316 388 3367 p.
403 3304 450 3364 453
469 3298 504 3354 cf.
525 3298 696 3425 Grasberfer
714 3297 790 3352 Tess.
805 3297 922 3368 Herbip.
935 3316 964 3368 p.
980 3305 1013 3353 27
1077 3309 1088 3353 1

96 3371 203 3427 ἅπασιν
227 3372 249 3426 0
273 3386 342 3424 corr.
366 3368 510 3440 Kiessling
589 3376 620 3425 19
655 3367 791 3440 κπρεπίσι
814 3369 910 3424 om.B
985 3377 1020 3426 20
1038 3390 1105 3426 nav·

96 3442 148 3511 τήν
166 3441 248 3498 πόλιν
270 3458 293 3498 ο.
312 3441 469 3497 Ambrosch
