2414 3840
122 191 189 257 398
549 194 710 246 -5-

87 356 255 439 3ετηρίας
281 353 592 439 ἐπιμελησομένους.
638 356 797 437 λαβόντες
824 350 863 418 δὲ
889 352 945 418 καὶ
971 365 1073 420 τοῦτο
1103 359 1142 422 τὸ

122 461 325 545 συγχώρημα
351 462 441 546 παρὰ
467 468 527 543 τῆς
549 464 674 544 βουλῆς
696 460 979 525 ἀποδεικνύουσιν
1001 463 1143 547 ἀνδρας,

122 564 183 642 οὓς
203 565 369 652 ὑπηρέτας
390 579 458 632 τῶν
482 567 662 651 δημάρχων
683 563 740 630 καὶ
762 566 992 651 συνάρχοντας
1014 570 1073 634 καὶ
1093 571 1144 634 δι-

121 672 243 747 καστάς
261 671 414 738 ἐκόλουν.
445 682 511 737 νῦν
529 671 643 756 μέντοι
660 672 745 736 κατὰ
761 672 824 754 τὴν
838 672 1018 756 ἐπιχώριον
1036 680 1144 757 γλωτ-

95 794 183 842 σταν
207 775 265 861 ἀφ’
288 777 363 856 ένὸς
385 773 434 844 ὧν
455 779 659 863 πράττουσιν
682 780 791 862 ἔργων
814 778 914 863 ίερῶν
936 781 1052 845 τόπων
1073 781 1144 846 έπι-

122 881 259 966 μεληταλ
271 889 452 949 καλοῦνται
465 882 521 948 καὶ
531 884 592 966 τὴν
601 883 756 961 ἐξουσίαν
764 879 926 967 (οὐκέθ’)
935 885 1144 971 ὑπηρετικὴν

122 987 244 1074 ἑτέρον
267 993 418 1075 ἔχουσιν,
441 990 487 1066 ὡς
508 991 688 1073 πρότερον,
715 988 945 1073 ἐπιτέτραπται
969 987 1001 1053 δ’
1023 992 1204 1072 αὑτοῑςεει

121 1097 240 1189 πολλοὶο
254 1095 311 1161 καὶ
338 1098 479 1181 μεγάλα,
507 1092 563 1159 καὶ
592 1096 715 1179 σχεδὸν
742 1094 873 1161 ἐοίκασί
895 1118 967 1172 πως
993 1100 1080 1163 κατὰ
1102 1103 1144 1165 τὰ

121 1206 257 1266 πλείστα
279 1213 350 1280 τοῖς
371 1199 449 1287 παρ’
467 1200 628 1283 Ἓλλησιν
651 1199 882 1286 ἀγορανόμοις.

84 1322 110 1363 1⁰
189 1307 366 1371 LXXXXL
395 1301 484 1371 'mel
511 1302 550 1371 δέ
575 1305 715 1392 κατέστη
740 1309 781 1371 τά
802 1308 977 1392 πράγματα
999 1308 1143 1377 καὶτὸν

122 1409 180 1476 ἀπ’
207 1412 309 1496 ἀρχῆς
335 1416 463 1497 κόσμον
490 1411 665 1496 ἐκομίσατο
693 1412 714 1495 ἡ
742 1416 853 1496 πόλις,
887 1412 941 1478 ἐπὶ
969 1417 1052 1492 τοὺς
1079 1417 1143 1496 ἔξω

121 1521 302 1603 πολεμίους
323 1519 389 1584 ὑπὸ
412 1529 480 1584 τῶν
497 1518 673 1603 ἡγεμόνων
692 1519 830 1604 στρατιὰ
847 1518 1040 1602 κατελέγετο
1060 1528 1142 1588 πολ-

122 1626 185 1709 λὴν
208 1623 484 1708 εἰσενεγκαμένου
505 1626 701 1707 προθυμίαν
722 1632 784 1688 τοῦ
803 1625 913 1707 δήμου
931 1623 988 1689 καὶ
1007 1621 1055 1690 δι’
1072 1629 1142 1693 ὀλί-

121 1754 184 1813 γου
216 1734 341 1815 χρόνου
372 1729 480 1795 πάντα
511 1731 551 1794 τά
584 1731 631 1805 είς
657 1730 760 1814 <τὸν>
789 1732 936 1813 πόλεμον
969 1729 1140 1816 ἐπιτήδεια

83 1853 108 1894 1⁶
122 1835 262 1921 εὐτρεπῆ
280 1839 490 1919 ποιήσαντος.
523 1845 591 1900 τῶν
610 1831 642 1899 δ’
659 1834 795 1900 ὑπάτων
812 1836 1139 1921 διακληρωσαμένων

120 1941 197 2028 περὶ
218 1952 276 2025 τῆς
298 1942 459 2022 ἐξουσίας,
483 1942 529 2018 ὡς
549 1944 642 2006 ἐστιν
661 1941 775 2018 αὐτοῖς
792 1943 884 2024 ἔθος,
907 1946 1060 2029 Σπόριος
1077 1942 1138 2029 μὲν

120 2050 279 2130 Κάσσιος,
303 2049 340 2126 ὃς
359 2052 453 2133 έλαχε
472 2049 534 2132 τὴν
552 2057 621 2112 τῶν
639 2048 721 2111 κατὰ
738 2048 800 2131 τὴν
818 2050 919 2113 πόλιν
937 2048 1137 2134 ἐπιμέλειαν,

120 2154 275 2240 ὑπέμεινε
298 2155 397 2240 μέρος
416 2163 474 2238 τῆς
492 2151 743 2237 κατειλεγμένης
762 2153 935 2237 δυνάμεως
952 2157 991 2222 τὸ
1010 2156 1138 2239 ἀρκοῦν

120 2262 247 2346 λαβών·
288 2264 488 2343 Πόστουμος
525 2255 562 2324 δὲ
593 2262 756 2343 Κομίνιος
791 2258 884 2343 ἐξῆγε
920 2262 983 2345 τὴν
1015 2264 1136 2347 λοιπὴν

79 2385 106 2426 2⁰
121 2369 277 2455 στρατιὰν
296 2364 465 2451 Ῥωμαίων
492 2362 522 2428 τ’»
548 2364 659 2430 αὐτῶν
687 2364 866 2449 ἀξιόχρεων
893 2367 986 2450 ἀγων
1014 2381 1136 2455 μοῖραν

85 2473 176 2542 2καλ
203 2476 361 2539 Λατίνων
392 2496 423 2537 τι
456 2472 664 2555 συμμαχικὸν
694 2471 755 2537 οὐκ
782 2472 906 2555 ὀλίγον.
951 2479 1070 2560 κρίνας
1098 2473 1192 2541 δέλτοι

121 2581 348 2656 Οὐολούσκοις
377 2578 554 2663 ἐπιχειρεῖν
581 2577 725 2662 πρώτοις
748 2580 848 2643 πόλιν
871 2578 983 2643 αὐτῶν
1005 2583 1135 2665 Λογγό-

120 2693 184 2753 λαν
202 2686 234 2764 ἐξ
254 2685 382 2770 έφόάου
400 2684 696 2769 καταλαμβάνεται,
720 2684 969 2769 ἐπιβαλομένων
988 2683 1051 2770 μὲν
1068 2698 1135 2753 τῶν

120 2794 157 2859 ἐν
181 2792 263 2877 αὐτῇ
287 2794 543 2877 μεταποιεῖσθαί
561 2813 654 2868 τινος
671 2790 789 2876 ἀρετῆς
807 2794 865 2855 καί
880 2815 956 2856 τινα
976 2795 1135 2878 στρατιὰν

80 2917 106 2959 τι
119 2899 305 2984 ὑπαίθριον
332 2897 613 2978 ἀποστειλάντων,
641 2887 662 2982 ᾖ
690 2899 770 2974 τοὺς
792 2896 946 2974 ἐπιόντας
969 2897 1135 2985 ἀνείρξειν

189 3097 206 3145 4
226 3090 430 3161 κατεπιχόριον
447 3088 494 3142 Ba
530 3086 593 3144 κατ’
611 3084 760 3159 ἐπιχώριον
778 3088 826 3142 Bb
882 3097 897 3144 6
917 3087 1019 3144 οὐκέθ’
1038 3091 1132 3146 om.O

119 3163 183 3218 add.
203 3160 385 3216 Casaubonus
468 3166 500 3214 13
520 3160 745 3230 προθυμίανΒ
828 3166 862 3214 14
879 3159 928 3214 τὸν
952 3160 1020 3218 add.
1039 3161 1133 3216 Kiess-

117 3234 180 3304 ling
271 3239 302 3288 17
322 3230 364 3304 ὃς]
384 3231 420 3295 ὡς
438 3230 486 3297 Rl
507 3239 562 3285 τῶν
586 3231 659 3285 κατὰ
681 3231 732 3300 τὴν
755 3229 838 3286 πόλιν
857 3231 952 3286 om.B
993 3241 1051 3288 τῶν
1068 3233 1132 3303 A(?)

119 3312 152 3360 18
172 3303 326 3375 έπεμψεΟ
368 3301 501 3372 ὑπέμεινε
526 3299 630 3355 ΒεὶεΙτε,
722 3309 754 3356 19
777 3301 945 3372 ποστοόμιος
967 3302 1045 3358 ABb
1082 3303 1133 3360 πό-

117 3393 234 3447 στομ.ος
252 3375 299 3428 Ba
370 3381 404 3429 28
424 3369 691 3446 ἐπιβαλλομένωνΒ
751 3379 785 3427 24
802 3375 870 3442 post
886 3393 952 3428 τινα
969 3373 1000 3426 in
1019 3375 1042 3427 B
1062 3381 1132 3430 6-6

104 3447 163 3504 litt,
184 3449 215 3505 in
234 3466 289 3505 τοο,
367 3452 402 3505 25
422 3444 566 3519 ἀπείρξων
586 3459 610 3499 ο.
627 3443 765 3498 Βόολιελετ
