2414 3840
100 152 144 217 60
528 157 691 205 -A-

65 315 321 400 3έρωτημοίτων
344 313 399 380 καὶ
422 317 550 380 παῦσαί
568 337 648 380 ποτε
670 315 734 398 ἤδη
758 316 905 400 πονηρὸς
928 317 993 380 ὤν·
1026 318 1058 380 εί
1080 313 1121 383 δὲ

99 446 131 486 τι
160 423 291 487 δίκαιον
319 424 403 506 ἔχεις
425 423 508 506 πρὸς
530 416 621 487 ταῦτ’
647 424 768 506 εἰπεῖν,
797 420 926 506 ἕτοιμός
949 423 1016 507 εἰμι
1040 425 1120 488 τού-

99 551 168 606 τοις
200 526 386 614 ἐπιτρέπειν
415 528 599 612 δικασταῖς,
632 524 680 594 ὧν
708 529 769 594 οὐκ
797 528 840 595 δν
868 532 955 614 ἔχοις
982 527 1122 615 ἑτέρους

100 637 206 700 εἰπεῖν
230 636 356 720 ἄνδρας
378 633 416 700 ἐν
439 643 478 720 τῇ
496 639 592 700 πόλει
609 637 790 718 κρείττους
825 635 883 702 ἐὰν
902 631 932 701 δ’
954 635 1121 703 ἐντεῦθεν

73 740 366 826 ῖάποδιδρύσκων,
390 742 471 827 ὅπερ
495 740 586 806 ἐστὶν
609 741 664 807 ιἰεί
679 759 733 808 σοι
751 752 860 809 ποιεῖν
879 744 1039 827 σύνηθες,
1063 742 1121 809 ἐπὶ

98 848 159 912 τὸν
195 846 537 932 ἐκδημαγωγούμενον
569 848 633 914 ὑπὸ
667 858 729 915 σοῦ
759 852 971 936 καταφεύγῃς
1003 851 1120 934 ὄχλον,

100 954 163 1019 οὐκ
185 953 348 1041 ἐπιτρέψω
373 972 440 1020 σοι·
478 957 747 1040 παρεσκεύασμαι
769 958 833 1042 γὰρ
856 957 902 1034 ὡς
923 953 978 1022 καὶ
1001 957 1043 1022 τὰ
1068 958 1120 1022 δί-

99 1084 177 1126 καια
201 1060 287 1147 ἐρῶν
310 1059 365 1127 καὶ
388 1062 419 1126 εί
440 1063 484 1145 μὴ
508 1065 642 1127 πείθοιο
665 1064 706 1126 τὰ
728 1064 821 1146 βίαια
843 1063 987 1147 πράξων.

166 1168 316 1234 XXXIII.
355 1167 582 1252 Παυσαμένου
615 1165 648 1233 δ’
684 1168 788 1234 αὐτοῦ
819 1170 1025 1255 παραλαβὼν
1057 1171 1157 1236 τὸνῖκ

60 1295 86 1334 ιο
100 1277 203 1357 λόγον
226 1274 244 1340 ὁ
272 1276 413 1350 Τύλλιος
435 1273 545 1353 ἔλεξεν
564 1270 642 1340 ὧδε·
669 1272 816 1341 ’Ἆπαντα
836 1276 908 1360 μέν,
932 1277 977 1355 ὡς
996 1275 1120 1360 ἔοικεν,

99 1383 284 1467 ἄνθρωπον
312 1382 392 1447 ὄντα
421 1382 476 1465 δεῖ
498 1383 705 1467 προσδοκᾶν,
734 1378 760 1447 ὦ
783 1385 905 1467 βουλή,
935 1385 989 1464 [τὰ
1010 1385 1120 1469 παροί-

101 1487 194 1568 δοξα]
219 1486 274 1552 καὶ
297 1486 402 1572 μηδὲν
420 1488 577 1572 ἡγεῖσθαι
596 1489 746 1572 ἄπιστον,
770 1489 855 1554 ὅπου
873 1513 911 1573 γε
930 1487 1013 1574 κάμὲ
1032 1495 1117 1578 Ταρ-

99 1595 214 1671 κύνιος
242 1593 357 1660 οὑτοσὶ
382 1604 440 1680 της
462 1595 564 1681 ἀρχῆς
586 1603 711 1660 παῦσαι
733 1599 909 1681 πρόθυμός
932 1594 1037 1662 ἐστιν·
1075 1597 1118 1662 ὃν

99 1701 164 1785 ἐγὼ
188 1705 310 1785 νήπιον
332 1700 536 1785 παραλαβὼν
558 1697 614 1764 καὶ
636 1698 938 1784 ἐπιβουλευόμενον
961 1699 1026 1765 ὑπὸ
1048 1711 1118 1767 τῶν

59 1826 86 1866 15
101 1807 233 1894 ἐχθρῶν
261 1810 370 1873 ἔσωσα
397 1804 453 1871 καὶ
481 1804 643 1884 ἐξέθρεψα
671 1804 726 1871 καὶ
750 1808 797 1884 είς
820 1807 945 1892 ἄνδρας
968 1806 1118 1874 ἐλθόντα

99 1916 262 1998 κηδεστὴν
289 1913 414 1997 ἠξίωσα
442 1915 573 1996 λαβεῖν,
603 1911 659 1978 καὶ
682 1906 715 1977 εί
733 1936 765 1977 τι
787 1914 930 1998 πάθοιμι
954 1914 1118 2000 διάδοχον

99 2023 238 2106 ἔμελλον
268 2022 479 2097 καταλείψειν
511 2018 668 2084 ἁπάντων
694 2029 762 2084 τῶν
790 2018 887 2103 ἐμῶν.
934 2018 1048 2104 ἐπειδὴ
1077 2018 1116 2087 δὲ

98 2130 187 2213 παρὰ
210 2128 347 2212 γνώμην
371 2123 487 2191 ἅπαντ’
510 2124 678 2209 ἀπήντηκέ
699 2150 755 2210 μοι
779 2123 834 2192 καὶ
857 2127 967 2212 ὥσπερ
987 2126 1116 2194 ἀδικῶν

99 2236 198 2313 αὐτὸς
225 2234 442 2319 ἐγκαλοῦμαι,
474 2234 536 2316 τὴν
563 2228 624 2318 μὲν
651 2233 755 2317 τύχην
782 2234 925 2319 ύστερον
948 2233 1115 2302 ἀνακλαύ-

99 2359 214 2428 σομαι,
244 2343 284 2406 τὰ
313 2337 349 2406 δὲ
378 2341 489 2405 δίκαια
515 2348 580 2404 νῦν
607 2340 689 2424 πρὸς
716 2340 820 2406 αὐτὸν
843 2339 916 2426 ἐρῶ.
963 2340 1028 2424 ἐγὼ
1052 2343 1115 2426 τὴν

99 2447 160 2533 μὲν
188 2448 398 2534 ἐπιτροπείαν
425 2448 520 2531 ὑμῶν
547 2448 683 2530 ἔλαβον,
717 2442 743 2510 ὦ
770 2448 950 2530 Ταρκύνιε,
982 2451 1115 2532 νηπίων

98 2551 390 2638 καταλειφθέντων
420 2553 481 2637 οὐχ
506 2551 605 2636 ἑκών,
629 2550 701 2617 ἀλλ’
728 2552 793 2618 ὑπὸ
816 2563 884 2618 τῶν
910 2555 1115 2640 πραγμάτων

99 2660 335 2743 ἀναγκασθείς·
373 2658 486 2743 ἐπειδὴ
518 2660 577 2724 τὸν
609 2656 670 2743 μὲν
702 2659 837 2725 πάππον
868 2659 963 2745 ὑμῶν
996 2661 1033 2726 οί
1056 2670 1115 2746 τῆς

99 2769 267 2851 βασιλείας
286 2765 556 2849 ἀντιποιούμενοι
575 2776 727 2852 φανερῶς
745 2764 952 2850 ἀπέκτειναν,
976 2767 1057 2852 ὑμῖν
1076 2766 1114 2834 δέ

58 2891 84 2931 2⁵
98 2871 154 2938 καὶ
183 2884 252 2950 τοῖς
284 2875 397 2949 ἄλλοις
425 2871 530 2936 αὐτοῦ
559 2871 756 2955 συγγενέσιν
786 2873 1017 2958 ἐπιβουλεύειν
1045 2875 1157 2941 §Id-⁷21

62 2309 83 2371 2

57 2396 84 2435 20

171 3065 254 3136 Ιῆδη
270 3066 324 3121 del.
340 3063 429 3120 Cobet
443 3064 508 3118 obs.
522 3085 548 3134 p.
560 3071 594 3119 84
622 3064 789 3121 καλείτιΑ
814 3064 842 3122 εἰ
854 3065 890 3135 δή
903 3067 967 3122 τιΒ
1000 3065 1030 3122 εί
1040 3065 1073 3123 δέ
1087 3089 1115 3123 τι

98 3156 120 3194 ο.
140 3137 285 3206 Kiessling
320 3135 442 3206 καὶγὰρ
461 3137 492 3191 εί
504 3156 531 3190 τι
549 3135 652 3190 Εεὶελιε
717 3143 731 3191 7
752 3138 788 3200 ῶς
807 3137 870 3194 add.
889 3138 912 3191 Β
928 3141 933 3207 Ι
949 3137 1115 3210 δικαιότερα

97 3211 120 3264 Β
190 3215 222 3263 10
242 3205 296 3264 ὦδε
320 3207 417 3263 om.B
501 3213 532 3261 11
552 3207 588 3261 τὰ
605 3207 754 3276 παράδοξα
773 3209 827 3265 del.
846 3209 976 3263 Hertlein
994 3210 1114 3265 Hermes

96 3283 122 3336 X
140 3287 192 3336 412
249 3286 281 3334 13
300 3278 469 3333 παύσασθαι
486 3278 512 3332 Α
567 3284 600 3331 14
619 3279 752 3350 λαβὼνΒ
809 3285 840 3333 17
861 3279 1115 3336 ἁπάντωνοδδ,Β

135 3358 166 3408 18
187 3350 366 3406 *ἅπανταΟ
452 3356 486 3404 ῖ1
511 3345 737 3418 ἐπιτροπείανΒ
775 3346 939 3420 ἐπιτροπίαν
963 3352 989 3404 R
1079 3357 1114 3407 25

97 3421 266 3494 συγγενέσιν
285 3422 331 3475 Bb
