2414 3840
528 183 692 234 ..Ε-

99 346 252 425 τελευτής
280 343 388 426 ἔτυχε,
416 342 535 424 γενεὰν
565 341 641 407 ούτε
668 342 793 428 ἄρρενα
820 343 1013 410 καταλιπὼν
1043 345 1122 411 ούτε

99 451 256 532 θήλειαν,
295 448 339 525 ὡς
371 447 407 512 οί
435 449 475 512 τα
502 444 674 533 Ῥωμαίων
704 448 894 533 σαφέστατα
926 447 1121 534 ἐξητακότες

99 555 285 639 γράφουσι,
314 556 471 638 τεκμήρια
498 556 605 619 πολλοὶ
632 551 693 640 μὲν
722 553 778 621 καὶ
805 557 1038 622 ἄλλατούτου
1063 557 1121 642 φέ-

100 684 230 745 ροντες,
262 657 346 747 ὑπὲρ
379 662 508 726 ἅπαντα
536 657 567 726 δ’
594 648 622 726 δ
641 662 898 728 δυσαντίλεκτόν
927 663 1035 747 ἐστιν,
1069 665 1120 730 ὅτι

74 776 161 832 ετοῦ
189 770 371 852 πατρικίων
398 766 518 852 μένους
546 766 671 845 ἐκεῖνος
698 763 756 851 ήν,
790 770 825 833 oc
851 763 883 834 δ’
909 766 966 834 ἀπ’
989 769 1120 855 ἐκείνης

100 874 222 951 αὑτοὺς
245 872 397 959 λέγοντες
420 868 506 939 εἶναι
528 882 587 957 τής
610 875 717 951 οίκίας
730 872 871 940 Ἰούνιοί
886 897 920 941 τε
938 874 995 943 καί
1009 880 1119 963 Βροῦ-

99 1004 152 1046 τοι
174 982 294 1059 πάντες
316 977 402 1065 ἦσαν
425 982 577 1064 πλήβειοι
599 977 654 1045 καὶ
677 982 735 1059 τὰς
759 980 862 1067 ύρχδις
879 980 1057 1068 μετῄεσαν,
1081 982 1122 1061 ἃς

98 1099 169 1166 τοῖς
201 1090 391 1173 δημοτικοῖς
418 1084 565 1171 μετιέναι
592 1089 710 1173 νόμος,
734 1084 971 1174 ξάχορανομίας
998 1112 1035 1154 τε
1063 1088 1121 1155 καὶ

100 1197 298 1281 δημαρχίας,
334 1193 495 1260 ὑπατείαν
528 1190 558 1258 δ’
595 1193 722 1277 οὐδείς,
755 1188 795 1277 ής
825 1204 895 1271 τοῖς
928 1199 1122 1282 πατρικίοις

57 1289 208 1403 12ομετήν.
241 1298 303 1380 ὀψέ
327 1299 366 1365 δέ
386 1321 466 1366 ποτε
488 1298 543 1365 καὶ
565 1301 687 1383 ταύτης
706 1302 824 1385 ἔτυχον
842 1309 900 1385 τῆς
917 1300 1040 1386 ἀρχῆς,
1066 1303 1121 1368 ὅτε

100 1410 320 1494 συνεχωρήθη
348 1405 403 1471 καὶ
430 1417 499 1484 τοῖς
528 1407 718 1492 δημοτικοῖς
742 1407 846 1492 αὐτήν
869 1410 995 1492 λαβεῖν.
1044 1405 1167 1477 ἀλλέεε

99 1511 183 1599 ὑπὲρ
211 1509 272 1599 μὲν
299 1514 428 1579 τούτων
452 1505 502 1590 οἷς
524 1512 615 1598 μέλει
637 1536 672 1578 τε
696 1511 751 1579 καὶ
776 1513 928 1599 διαφέρει
949 1515 988 1579 τὸ
1012 1512 1122 1602 σαφὲς

96 1619 222 1687 είδέναι
245 1624 384 1706 παρίημι
407 1631 552 1686 σκοπεῖν.

164 1745 302 1811 XVIIII.
335 1745 432 1810 Μετὰ
460 1742 497 1810 δὲ
524 1746 586 1828 τήν
610 1745 766 1827 Βρούτου
792 1747 948 1830 τελευτήν
972 1746 990 1811 ὁ
1015 1747 1122 1812 συνύ-

3 1925 7 1931 ,
58 1877 84 1918 15
97 1875 199 1930 πατος
227 1852 331 1917 αὐτοῦ
356 1849 538 1936 Οὐαλέριος
565 1850 713 1928 ύποπτος
739 1854 866 1936 γίνεται
888 1862 958 1929 τοῖς
982 1853 1122 1937 δημοτι-

96 1971 168 2037 κοῖς
191 1960 235 2037 ὡς
258 1960 431 2043 βασιλείαν
453 1958 788 2042 κατασκευαζόμενος·
824 1968 958 2044 πρῶτον
983 1955 1049 2044 μὲν
1069 1960 1121 2025 ὅτι

98 2070 200 2153 μόνος
223 2064 358 2150 κατέσχε
389 2066 450 2149 τήν
483 2064 588 2150 ἀρχήν
620 2063 699 2130 δέον
730 2064 835 2141 εὐθὺς
862 2062 998 2130 ἑλέσθαι
1030 2068 1119 2150 [τὸν]

99 2175 302 2256 συνύπατον,
326 2173 436 2257 ὥσπερ
460 2171 478 2236 ό
502 2175 651 2256 Βροῦτος
675 2170 809 2254 ἐποίησε
827 2175 1043 2238 Κολλατῖνον
1067 2173 1122 2240 ἐκ-

99 2282 225 2365 βαλών·
250 2273 358 2345 ἔπειθ’
381 2278 432 2343 ὅτι
454 2279 515 2362 τήν
534 2279 643 2342 οίκίαν
663 2277 699 2343 ἐν
719 2277 894 2365 ἐπιφθόνῳ
912 2281 1004 2367 τόπςο
1023 2304 1122 2346 κατε-

55 2411 85 2451 το
100 2388 282 2454 σκευάσατο
320 2388 428 2470 λόφον
464 2383 704 2470 ὑπερκείμενον
737 2393 796 2468 τῆς
828 2383 951 2470 ἀγορᾶς
982 2384 1122 2472 ὑψηλὸν

63 2529 67 2537 ·
98 2494 248 2570 ἐπιεικῶς
270 2491 326 2557 καὶ
348 2495 538 2578 περίτομον,
564 2490 603 2557 δν
626 2494 766 2555 καλοῦσι
784 2487 937 2575 Ῥωμαῖοι
958 2491 1121 2578 Οὐελίαν,

59 2599 322 2684 2ἐκλεξάμενος.
359 2601 552 2692 πυθόμενος
575 2594 612 2662 δὲ
635 2598 724 2683 παρὰ
744 2607 811 2662 τῶν
830 2595 1041 2682 ἐπιτηδείων,
1068 2602 1122 2667 ὅτι

98 2716 202 2771 ταῦτα
224 2712 321 2772 λυπεῖ
343 2706 403 2769 τὸν
426 2705 548 2789 δήμου,
579 2703 801 2790 ἀρχαιρεσιῶν
823 2701 963 2789 προθείς
986 2704 1121 2793 ήμέραν

169 2977 185 3023 2
205 2970 242 3033 ὡς
256 2966 286 3023 οἷ
298 3011 304 3025 .
321 3012 326 3023 .
342 2965 504 3038 σαφέστατα
519 2965 649 3040 δαμαίυν
663 2967 710 3022 Ba
746 2968 783 3031 ὡς
797 2966 826 3024 οἱ
839 3010 845 3022 .
861 3013 867 3026 .
883 2918 1050 3038 σύφεστύύα
1065 2967 1122 3041 ῥω-

100 3061 191 3168 μδιίυν
209 3093 285 3147 ABb
360 3099 374 3146 7
395 3092 534 3165 πλήβειοι]
560 3091 705 3162 δημοτικοὶ
729 3110 752 3148 υ.
777 3092 907 3148 Schnelle
930 3092 1028 3148 Exere.
1055 3094 1120 3150 crit.

98 3186 126 3238 p.
144 3173 177 3221 10
237 3171 252 3220 8
272 3161 357 3256 νόμος
376 3166 420 3219 εία
438 3181 461 3220 ο.
482 3163 641 3232 Stephanus
706 3169 722 3217 9
740 3159 774 3230 ἧς
792 3162 889 3234 μόνοις
906 3170 966 3228 τοῖς
983 3181 1006 3220 ο.
1028 3163 1123 3221 Cobet

100 3240 166 3295 obs.
185 3256 213 3307 p.
229 3242 262 3292 98
299 3256 332 3302 ης
351 3235 447 3291 οὐδενὶ
464 3234 537 3304 πλήν
555 3232 573 3303 ἢ
591 3243 650 3301 τοῖς
669 3255 691 3293 υ,
713 3236 872 3304 Stephanus
933 3243 967 3292 10
985 3234 1123 3306 τυχόντες

98 3312 121 3365 Β
197 3315 228 3363 12
248 3304 339 3377 μέλλει
358 3307 380 3360 Β
463 3313 496 3361 13
520 3307 640 3378 παρίημι
664 3314 779 3364 σκοπεῖν
802 3307 834 3362 τὸ
853 3304 943 3376 σαφὲς
961 3304 1121 3363 είδέναιΟ

97 3398 169 3437 corr.
190 3381 350 3450 Stephanus
421 3385 452 3433 17
472 3377 521 3433 τδν
541 3377 595 3433 del.
614 3380 737 3434 Reudler
755 3377 845 3433 Τίτου.
865 3377 927 3434 crit.
947 3397 975 3448 p.
991 3385 1026 3436 30
1084 3386 1120 3434 21

100 3446 178 3508 ἐλίαν
198 3453 220 3508 0
240 3467 309 3505 corr.
329 3449 510 3506 casaubonus
