2414 3840
506 187 667 237 ..Δ-

32 347 242 431 ιεοέμπρησιν
260 345 501 432 οἰκοδομηθεὶς
518 345 600 411 κατὰ
615 347 694 421 τοὺς
708 343 850 429 πατέρας
862 344 957 429 ἡμῶν
971 342 1095 431 εὑρέθη

77 458 116 536 τῇ
134 455 334 540 πολυτελείᾳ
351 463 412 539 τῆς
430 453 513 537 ύλης
530 456 636 538 μόνον
651 451 856 517 διαλλάττων
870 461 931 517 τοῦ
945 450 1094 537 ἀρχαίου,

80 557 115 622 ἐκ
142 554 205 643 μὲν
230 569 294 625 τοῦ
321 562 404 625 κατὰ
430 562 611 645 πρόσωπον
639 556 761 642 μέρους
786 567 846 623 τοῦ
867 559 951 643 πρὸς
974 573 1096 642 μεσημ-

79 667 180 751 βρίαν
198 664 384 749 βλέποντος
402 670 526 753 τριπλῷ
546 666 873 751 περιλαμβανόμενος
891 667 1012 751 στοίχῳ
1027 666 1095 729 κιό-

78 794 165 854 νων,
199 770 236 836 έκ
269 768 306 836 δὲ
338 782 405 836 τῶν
437 773 587 854 πλαγίων
615 770 721 857 διπλῷ·
768 768 804 834 ἐν
833 765 863 834 δ’
890 770 978 856 αὐτῷ
1007 780 1122 853 τρεῖςε

79 878 183 941 ἔνεισι
204 876 301 962 σηκοὶ
319 877 525 964 παράλληλοι
542 878 657 953 κοινάς
676 879 806 962 ἔχοντες
823 876 977 959 πλευράς,
997 876 1096 960 μέσος

79 978 142 1066 μὲν
165 982 184 1049 ό
208 993 270 1049 τοῦ
292 987 391 1067 Διός,
418 977 495 1067 παρ’
517 981 674 1069 ἑκάτερον
697 978 735 1047 δέ
757 983 794 1046 τὸ
818 980 917 1066 μέρος
940 982 958 1046 ὅ
981 1004 1015 1046 τε
1039 990 1096 1063 τῆς

71 1087 179 1175 Ἥρας
202 1087 258 1154 καί
281 1088 299 1155 ὁ
323 1097 380 1173 τῆς
399 1082 544 1172 Ἀθηνᾶς
565 1083 625 1172 ὑφ’
647 1086 722 1166 ἑνὸς
740 1087 839 1152 ἀετοῦ
857 1085 912 1151 καί
930 1095 1006 1170 μιᾶς
1025 1086 1096 1152 στέ-

78 1220 140 1280 γης
161 1197 413 1278 καλυπτόμενοι.

146 1300 249 1367 LXII.
271 1300 413 1384 Λέγεται
436 1299 476 1366 δέ
495 1323 527 1364 τι
549 1298 605 1365 καί
628 1299 742 1386 ἕτερον
761 1297 813 1364 ἐπί
832 1307 889 1383 τῆς
906 1301 1094 1383 Ταρκυνίου
1109 1325 1131 1365 ιο

80 1410 279 1483 δυναστείας
311 1407 400 1472 πάνυ
431 1407 629 1490 θαυμαστὸν
662 1406 828 1490 εὐτύχημα
859 1415 898 1491 τῇ
926 1403 1094 1491 Ῥωμαίων

32 1512 223 1600 ῖῦθὺπάρξαι
249 1516 344 1579 πόλει
371 1519 437 1579 εἴτε
463 1518 556 1577 θεῶν
583 1535 674 1588 τινος
697 1517 760 1577 εἰτε
784 1514 955 1597 δαιμόνων
978 1498 1094 1597 εὐνοίᾳ

79 1619 252 1707 δωρηθέν·
275 1620 356 1703 ὅπερ
375 1619 416 1684 οὐ
436 1620 519 1705 πρὸς
538 1618 653 1701 ὀλίγον
667 1621 795 1704 καιρόν,
815 1614 886 1683 ἀλλ’
904 1620 951 1694 εἰς
964 1619 1094 1683 άπαντα

76 1728 139 1792 τὸν
165 1729 244 1810 βίον
271 1724 430 1801 πολλάκις
457 1724 562 1808 αὐτὴν
590 1727 716 1789 ἔσωσεν
739 1724 775 1790 ἐκ
799 1723 950 1809 μεγάλων
973 1736 1092 1789 κακῶν.

78 1834 166 1915 γυνή
199 1854 249 1909 τις
280 1830 417 1916 ἀφίκετο
449 1831 532 1917 πρὸς
562 1832 622 1895 τὸν
650 1832 818 1917 τύραννον
846 1829 907 1895 οὐκ
935 1817 1131 1931 ἐπιχωρίαῗ5

80 1939 228 2023 βύβλους
254 1935 352 2003 ἐννέα
379 1937 499 2021 μεστάς
526 1939 736 2020 Σιβυλλείων
763 1949 921 2024 χρησμῶν
949 1937 1093 2022 ἀπεμπο-

80 2049 178 2128 λῆσαι
200 2042 358 2109 θέλουσα.
396 2042 458 2108 οὐκ
480 2041 653 2122 ἀξιοῦντος
676 2040 713 2109 δὲ
736 2053 797 2109 τοῦ
823 2047 1012 2129 Ταρκυνίου
1035 2054 1093 2126 τῆς

80 2151 273 2235 αἰτηθείσης
308 2157 404 2235 τιμῆς
437 2152 600 2236 πρίασθαι
632 2151 689 2226 τάς
721 2151 867 2234 βύβλους
899 2151 1093 2216 ἀπελθοῦσα

79 2266 167 2341 τρεῖς
191 2254 224 2333 ἐξ
247 2255 358 2320 αὐτῶν
380 2255 574 2321 κατέκαυσε·
606 2253 660 2322 καί
684 2250 752 2340 μετ’
775 2257 815 2322 οὐ
838 2260 945 2322 πολὺν
968 2259 1092 2340 χρόνον

80 2365 135 2439 τὰς
166 2363 285 2439 λοιπάς
317 2362 395 2446 <ἓξ>
429 2360 589 2446 ἐνέγκασα
620 2373 678 2447 της
710 2363 811 2446 αύτης
843 2362 961 2427 ἐπώλει
988 2372 1090 2446 τιμῆς.
1105 2387 1131 2427 εο

81 2467 203 2547 δόξασα
228 2464 259 2533 δ’
281 2469 399 2554 άφρων
421 2491 471 2544 τις
494 2463 580 2533 εἰναι
600 2467 655 2534 καί
673 2473 875 2553 γελασθεῖσα
894 2467 947 2533 ἐπὶ
965 2477 1010 2557 τῷ
1029 2469 1091 2553 τὴν

81 2575 185 2658 αὐτὴν
206 2575 307 2660 τιμὴν
330 2576 435 2665 αἰτεῖν
456 2573 532 2659 περὶ
555 2586 622 2640 τῶν
645 2575 840 2658 ἐλαττόνων,
863 2576 906 2660 ἣν
921 2572 1001 2641 οὐδὲ
1015 2575 1090 2660 περὶ

80 2692 144 2746 τῶν
171 2681 339 2746 πλειόνων
362 2679 512 2764 ἐδυνήθη
535 2684 665 2765 λαβεῖν,
695 2680 887 2747 ἀπελθοῦσα
910 2683 1010 2749 πάλιν
1032 2686 1090 2762 τάς

41 2787 229 2872 ιοιημισείας
251 2796 319 2850 τῶν
338 2784 608 2870 ἀπολειπομένων
626 2785 805 2853 κατέκαυσε
823 2785 878 2853 καί
897 2791 954 2866 τάς
973 2793 1089 2869 λοιπάς

148 3020 163 3067 1
188 3011 296 3136 εὑρέθη
321 3012 343 3066 Ο
381 3011 486 3084 ίδρύθη
510 3031 533 3068 ο.
556 3014 712 3070 Ambroseh
736 3015 848 3080 θάσσει.
872 3015 951 3072 Dion.
973 3019 984 3071 Ι
1004 3023 1037 3073 10
1062 3023 1090 3072 ολ

75 3083 200 3140 Sintenis

74 3154 239 3230 λστίχφΟ
277 3157 375 3226 στοίχω
394 3154 483 3210 Cobet
497 3155 566 3212 Oba.
586 3175 613 3226 p.
628 3163 662 3211 89
717 3157 801 3221 στάς
818 3158 940 3228 πλευράς
958 3177 980 3216 ο.
995 3160 1090 3212 Kiess·

72 3226 134 3298 ling
224 3232 258 3280 14
276 3226 326 3281 τδν
349 3211 411 3299 βίον
430 3226 581 3298 (ὠφέλιμον
601 3224 711 3298 ἐγένετο
730 3228 789 3297 καλ)
808 3230 941 3293 πολλάκις
959 3248 981 3284 ο.
1001 3229 1090 3282 Cobet

72 3298 139 3356 Obs.
159 3315 187 3367 p.
209 3301 243 3378 85}
305 3305 360 3378 Ι16
380 3297 498 3370 βύβλους
515 3298 567 3352 ΑΒ
596 3301 715 3423 <βίβλους
733 3299 919 3370 Ιλὶρησμῶν
938 3301 983 3352 Ba
1055 3299 1089 3346 ‘20

70 3367 101 3435 ἓξ
120 3369 189 3424 add.
209 3366 353 3438 K1esshng
415 3375 449 3422 22
469 3367 559 3425 αἰτεῖν
578 3387 594 3424 a
616 3371 679 3424 d.B
696 3373 700 3440 Ι
716 3370 792 3442 περὶ]
812 3369 858 3424 hic
878 3373 907 3424 et
925 3363 1090 3437 paulopost

69 3438 144 3511 ὑπὲρ
164 3438 255 3494 Cobet
273 3438 338 3494 obs.
357 3458 383 3510 p.
398 3445 432 3494 89

244 3102 280 3139 m.
299 3083 381 3139 Dion.
400 3085 426 3138 II
446 3092 478 3139 16
560 3093 576 3140 2
595 3094 644 3141 τοῦ
664 3087 783 3156 ἀρχαίου
802 3087 827 3140 R
862 3088 911 3143 τὸν
930 3090 1048 3159 ἀρχαῖον
1067 3090 1089 3141 Β
