2400 3848
99 127 143 191 42
527 131 690 182 -Δ-

99 313 181 367 νους
207 288 262 355 καὶ
289 294 368 368 τοὺς
391 290 515 356 ἐκτῶν
538 289 773 377 ἀπελευθέρων
795 289 996 375 γινομένους
1017 290 1116 355 πελά-

64 398 157 473 Ἱτας
175 408 245 475 τοῖς
262 397 414 481 ἐγγόνοις
431 409 501 474 τοῖς
520 395 649 463 ἑαυτῶν
667 401 934 475 καταλείποντας.
971 401 1114 462 Τοιαῦτα

100 501 257 587 λέγοντος
280 505 384 570 αὐτοῦ
408 505 646 589 συνεχώρησαν
671 506 706 570 οί
726 509 892 589 πατρίκιοι
915 506 952 570 τὸ
972 507 1052 581 έθος
1071 506 1117 581 είς

100 611 162 694 τήν
190 613 288 676 πόλιν
316 615 514 695 παρελθεῖν,
543 609 599 676 καὶ
622 609 717 696 μέχρι
739 622 806 676 τῶν
829 609 907 677 καθ’
934 611 1019 696 ημᾶς
1040 613 1117 696 χρό-

68 739 170 782 ινων
199 718 243 794 ὡς
270 716 307 782 έν
335 728 456 782 τιτῶν
481 718 580 803 ίερῦν
602 716 658 783 καὶ
682 717 847 802 άκινήτων
870 721 1022 804 νομίμων
1047 719 1117 782 δια·

99 828 188 888 τελεῖ
207 820 297 889 τοῦτ’
320 822 357 888 έν
380 832 420 909 τῇ
442 825 536 890 πόλει
560 827 820 908 φυλαττόμενον.

166 923 320 996 XXIIII(
339 926 471 1015 Ἐπειδή
501 927 538 996 δὲ
567 931 648 996 κατά
675 939 774 997 τοῦτο
802 930 925 1014 γέγονα
952 931 990 995 τὸ
1018 929 1118 1014 μέρος

100 1046 158 1121 τῆς
191 1038 389 1122 διηγήσεως,
423 1037 606 1119 ἀναγκαῖον
638 1031 727 1103 εἶναί
752 1061 809 1121 μοι
837 1037 931 1102 δοκεῖ
956 1036 1116 1119 διελθεῖν,

39 1212 42 1217 ,
101 1143 146 1220 ὡς
169 1137 235 1228 εἶχε
258 1146 331 1209 τότε
354 1154 425 1220 τοῖς
439 1139 611 1229 Ῥωμαίοις
628 1145 670 1208 τά
687 1142 763 1229 περὶ
781 1145 860 1220 τούς
879 1142 1023 1219 δούλους
1042 1145 1170 1227 έθη,696

65 1250 157 1314 ιοῖνα
181 1251 261 1334 μήτε
283 1250 343 1314 τὸν
366 1249 503 1333 βασιλέα
526 1252 585 1316 τὸν
608 1261 741 1336 πρῶτον
764 1250 1016 1336 ἐπιχειρήσαντα
1040 1251 1118 1326 τοὺς

102 1357 362 1432 δεδουλευκότας
398 1356 519 1435 άστοὺς
554 1367 664 1423 ποιεῖν
703 1359 784 1443 μήτε
820 1358 899 1433 τοὺς
934 1353 1119 1440 παραδεξα-

101 1461 223 1547 μένους
250 1463 310 1528 τὸν
336 1466 442 1546 νόμον
471 1462 507 1529 ἐν
531 1465 650 1541 αἰτίαις
674 1473 735 1548 σχή
758 1487 822 1547 τις,
852 1464 896 1540 ὡς
919 1462 1119 1547 ῥιπτοῦντας

65 1569 171 1652 2είκή
204 1571 244 1634 τά
275 1569 366 1634 καλά.
410 1569 593 1655 ἐτύγχανον
626 1571 667 1654 δή
696 1581 766 1647 τοῖς
788 1566 961 1654 Ῥωμαίοις
989 1569 1036 1657 αίέ
1050 1579 1119 1634 τῶν

100 1678 320 1761 θεραπόντων
344 1678 474 1760 κτήσεις
491 1679 574 1742 κατά
592 1679 670 1754 τοὺς
694 1677 924 1754 δικαιοτάτους
943 1678 1120 1760 γινόμεναι

66 1802 92 1844 ιε
101 1786 254 1868 τρόπους.
291 1781 311 1865 ή
335 1784 399 1869 γάρ
423 1782 632 1868 ὠνησάμενοι
654 1785 744 1868 παρὰ
766 1791 827 1848 τοῦ
851 1783 1016 1866 δημοσίου
1039 1783 1120 1860 τοὺς

100 1891 166 1955 ὑπὸ
191 1890 275 1974 δόρυ
298 1887 536 1972 πωλουμένους
558 1889 594 1955 έκ
616 1900 684 1954 τῖον
703 1891 877 1975 λαφύρων,
900 1889 921 1972 ή
939 1897 1001 1953 τοῦ
1020 1905 1120 1973 στρα-

100 2004 205 2079 τηγοῦ
232 1997 510 2080 συγχωρήσαντος
537 1997 604 2079 άμα
630 2006 702 2073 ταῖς
725 1997 840 2074 άλλαις
864 1995 1040 2080 ὠφελείαις
1062 1993 1119 2059 καὶ

101 2104 180 2179 τοὺς
211 2100 445 2187 δορυαλώτους
472 2113 542 2180 τοῖς
570 2106 731 2187 λαβοῦσιν
759 2104 847 2188 ἔχειν
874 2102 894 2186 ή
923 2100 1120 2187 πριαμένοις

101 2202 179 2295 παρ’
202 2206 324 2294 ἑτέρων
351 2210 434 2274 κατὰ
459 2211 539 2286 τοὺς
565 2208 687 2286 αὐτούς
708 2213 853 2295 τρόπους
875 2211 1002 2295 κυρίων
1024 2231 1120 2292 γενο-

65 2284 214 2411 ἐδομένων
251 2314 423 2400 ἐκέκτηντο
460 2317 539 2393 τοὺς
576 2316 727 2393 δούλους.
773 2313 874 2381 οὐδέν
909 2316 950 2398 δή
982 2324 1119 2401 πρᾶγμα

101 2434 211 2488 ποιεῖν
229 2424 389 2508 αἰσχύνης
406 2422 427 2506 ή
447 2424 573 2508 βλάβης
591 2432 705 2506 κοινῖης
723 2429 830 2489 αῖτιον
845 2417 922 2488 οὔθ’
940 2421 958 2487 ὁ
976 2422 1120 2498 Τύλλιος

102 2528 120 2594 ό
144 2528 432 2613 καταστησάμενος
453 2530 491 2594 τὸ
515 2532 596 2606 ἔθος
619 2525 698 2595 οὔθ’
726 2530 762 2594 οῖ
780 2526 1044 2616 παραδεξάμενοι
1061 2524 1120 2592 καλ

103 2633 365 2720 διαφυλάξαντες
388 2633 506 2722 ᾤοντο,
530 2637 562 2700 εί
582 2646 652 2712 τοῖς
675 2635 909 2721 ἀφαιρεθεῖσιν
928 2634 965 2700 ἐν
983 2632 1119 2720 πολέμῳ

102 2742 164 2823 τήν
190 2764 225 2806 τε
253 2741 396 2825 πατρίδα
423 2737 478 2805 καὶ
500 2741 563 2824 τήν
586 2740 783 2828 ἐλευθερίαν
806 2752 960 2829 χρηστοῖς
982 2739 1119 2825 γενομέ-

65 2863 92 2905 ετ
102 2869 174 2923 νοις
201 2844 277 2931 περὶ
299 2849 378 2923 τοὺς
399 2845 762 2931 καταδουλωσαμένους
783 2847 804 2931 ή
828 2850 907 2926 τοὺς
928 2849 1017 2932 παρά
1041 2848 1170 2917 τού-εῖτ

175 3037 415 3102 λκαταλιπόντας
435 3038 456 3094 Ο
476 3056 545 3093 corr.
564 3039 709 3108 Kiessling
778 3037 954 3110 ῖοίομαιδ’
976 3036 1117 3127 έπειδὴΒ

103 3104 201 3179 ἐπειδή
221 3107 297 3164 δέΗ
370 3106 484 3164 θεῖναί
499 3130 546 3200 μοι
565 3113 648 3165 δοκεῖ
663 3111 685 3166 Ο
704 3110 857 3199 praeterB
930 3107 998 3166 16
982 3131 1000 3178 η
1020 3127 1073 3164 om.
1093 3110 1116 3163 B

140 3187 173 3236 18
191 3178 356 3251 πριαμένοις
373 3179 427 3234 ΑΒ
448 3180 613 3270 πριάμενοι
631 3181 657 3234 R
687 3179 838 3251 πριάμενοι
857 3182 960 3244 αύτούς
973 3180 1118 3250 Kiessling

139 3259 172 3307 19
191 3252 306 3314 τούτους
324 3252 389 3313 τοὺς
407 3250 527 3322 τρόπους
546 3269 568 3308 c.
580 3251 629 3318 Syl
629 3251 702 3320 burg
756 3258 789 3307 23
809 3252 1062 3343 άφ<αι>ρεθεῖσιν
1068 3253 1116 3306 Bb

138 3330 173 3378 24
191 3328 319 3394 χρηστοῖς
336 3321 412 3376 ABb
450 3330 502 3409 χρῆ
521 3330 579 3385 τοῖς
596 3309 643 3376 Ba
731 3328 765 3377 25
784 3324 849 3392 περὶ
872 3325 937 3387 τοὺς
954 3324 985 3378 τὸ
1004 3332 1116 3391 πρῶτον

101 3395 205 3459 αύτούς
233 3391 579 3463 καταδουλωσαμενους
564 3414 581 3463 η
608 3392 674 3464 περὶ
696 3394 761 3457 τοὺς
783 3394 861 3465 παρὰ
883 3394 990 3450 τούτων
1014 3395 1118 3458 αύτούς
