2414 3840
514 95 676 145 ..Ε-

89 252 239 340 Ζρηματα
268 264 338 320 τῶν
371 254 549 339 τυράννων
581 255 687 336 ἠδίκει
719 254 780 337 τὴν
810 255 922 336 πόλιν,
956 253 1039 319 ἀλλά
1066 256 1106 319 τὰ

95 360 240 446 vespam,
267 361 501 445 φυλάττεσθαί
519 358 549 424 τ’
578 360 700 437 αὐτοὺς
723 358 824 439 ἀξιῶν
848 360 1034 445 ἀμφότερα,
1062 361 1105 444 μὴ

103 453 193 550 ὃόξης
216 490 252 532 τε
280 475 429 552 πονηρᾶς
455 467 543 552 παρὰ
570 467 705 531 πάντων
733 467 878 551 τύχωσιν
901 467 945 544 ὡς
969 467 1025 531 διά
1047 468 1107 531 τὸν

105 577 239 638 πλοῦτον
270 571 498 656 ἐξεληλακότες
525 572 561 637 ἐκ
587 582 645 656 τῆς
673 573 774 658 ἀρχῆς
800 576 1022 659 Ταρκυνίους,
1052 570 1107 637 καὶ
1148 651 1151 658 ¹

108 683 264 766 πρόφασιν
283 676 431 762 πολέμου
451 679 583 742 δικαίαν
601 679 817 764 παράσχωσιν
836 680 949 758 αὐτοῖς
967 680 1012 756 ὡς
1026 679 1133 744 ἀπο-5

65 848 69 865 ,
110 786 330 872 στερουμένοις
347 796 414 849 τῶν
433 786 542 849 ίδίων·
576 785 702 867 ἀδηλον
724 781 785 869 μέν
804 779 890 850 εἶναι
910 786 1059 870 φάσκων,
1078 787 1109 850 εί

55 882 60 909 “
107 892 312 976 κομισάμενοι
338 892 378 956 τά
404 892 554 975 χρήματα
581 896 737 975 πολεμεῖν
765 891 1032 977 ἐπιχειρήσουσιν
1060 893 1108 956 ἔτι

103 1000 175 1084 πρὸς
197 997 322 1072 αὐτοὺς
345 994 419 1082 περὶ
442 1006 500 1081 τῆς
522 998 685 1079 καθόδου,
708 998 878 1082 πρόδηλον
902 993 939 1062 δέ
963 996 1108 1080 θάτερον

100 1104 139 1182 ἀς
160 1104 224 1169 οὐκ
248 1101 449 1181 ἀξιώσουσιν
474 1105 612 1188 εἰρήνην
635 1104 729 1185 ἀχειν
751 1105 809 1180 τὰς
833 1103 948 1179 οὐσίας
972 1102 1108 1188 ἀφαιρε-

97 1209 219 1288 θέντες.
1125 1228 1150 1268 ιο

160 1316 218 1382 VI.
251 1319 363 1380 Ταῦτα
391 1312 427 1380 δέ
454 1326 521 1380 τῶν
549 1316 685 1381 ὑπάτων
709 1318 875 1399 λεγόντων
898 1313 953 1380 καὶ
976 1320 1109 1380 πολλῶν

95 1423 395 1507 συναγορευόντων
418 1420 619 1507 ἀμφοτέροις
638 1421 819 1507 ἀποροῦσα,
843 1423 861 1487 ὅ
881 1446 912 1487 τι
932 1423 992 1507 χρὴ
1010 1422 1110 1506 πράτ-

93 1551 179 1611 τειν,
202 1527 223 1610 ἡ
248 1528 355 1611 βουλὴ
379 1525 433 1592 καί
457 1523 511 1612 ἐφ’
533 1527 656 1613 ἡμέρας
679 1530 802 1612 συχνὰς
825 1537 1012 1609 σκοποῦσα,
1041 1524 1111 1591 ἐπεὶ

94 1633 341 1718 συμφορώτερα
363 1629 424 1716 μὲν
448 1632 630 1716 ὁΒροῦτος
653 1634 760 1699 ἐδόκει
780 1631 900 1715 λέγειν,
925 1633 1111 1716 δικαιότερα

95 1736 128 1804 δ’
150 1739 169 1805 ὁ
184 1741 392 1816 Κολλατῖνος
410 1737 563 1824 παρῄνει,
581 1745 765 1805 τελευτῶσα
786 1737 907 1822 διέγνω
925 1739 985 1802 τὸν
1004 1738 1111 1820 δῆμον
1127 1756 1152 1796 ιε

94 1854 232 1928 ποιῆσαι
259 1852 321 1910 τοῦ
349 1867 384 1909 τε
412 1845 642 1930 συμφέροντος
669 1843 806 1911 καὶτοῦ
830 1846 962 1909 δικαίου
986 1846 1146 1928 κριτήν.2

95 1956 231 2017 πολλῶν
256 1946 294 2014 δέ
317 1951 506 2035 λεχθέντων
529 1946 589 2035 ὑφ’
611 1950 767 2037 ἑκατέρου
790 1963 857 2016 τῶν
880 1951 1016 2038 ὑπάτων
1034 1951 1112 2014 ἀνα-

96 2059 262 2140 λαβοῦσαι
280 2065 396 2140 ψῆφον
416 2058 453 2122 αί
469 2066 614 2143 φράτραι
633 2057 809 2142 τριάκοντα
829 2053 926 2122 οὖσαι
942 2059 1001 2122 τὸν
1017 2056 1113 2140 ἀριθ-

96 2164 162 2248 μδν
177 2163 266 2228 οὕτω
281 2163 402 2248 μικράν
415 2163 612 2246 ἐποιήσαντο
627 2164 688 2246 τὴν
700 2163 751 2228 ἐπὶ
761 2166 887 2246 θάτερα
897 2163 1016 2247 ῥοπήν,
1031 2164 1113 2227 ὥστε

96 2279 157 2357 μιᾷ
180 2271 284 2356 φηφφ
307 2270 443 2346 πλείους
465 2267 625 2352 γενέσθαι
648 2280 715 2334 τῶν
739 2268 887 2352 κατέχειν
906 2271 946 2333 τδι
964 2270 1114 2352 χρήματα
1128 2288 1154 2327 εο

42 2373 317 2460 εὸῡβουλομένων
340 2376 398 2452 τὰς
420 2374 620 2440 ἀποδιδόναι
642 2377 850 2451 κελευούσας.
896 2377 1054 2457 λαβόντες
1077 2371 1114 2439 δὲ

96 2484 186 2568 παρά
218 2492 287 2546 τῶν
318 2481 454 2546 ὑπάτων
487 2483 544 2559 τὰς
576 2482 765 2566 ἀποκρίσεις
798 2483 833 2547 οί
862 2467 1030 2565 Τυρρηνοί
1060 2479 1114 2546 καὶ

96 2589 205 2654 πολλὰ
228 2588 290 2671 τὴν
313 2590 411 2654 πόλιν
435 2588 677 2671 ἐπαινέσαντες,
701 2590 751 2654 ὅτι
774 2590 814 2654 τά
835 2590 945 2652 δίκαια
963 2590 1027 2673 πρὸ
1046 2598 1114 2653 τῶν

97 2695 343 2779 συμφερόντων
368 2694 512 2778 εἴλοντο,
541 2698 715 2782 Ταρκυνίῳ
739 2692 801 2779 μὲν
824 2694 1014 2760 ἐπέστειλαν
1036 2697 1116 2772 τοὺς

98 2798 377 2884 ἀποληψομένους
404 2801 444 2865 τά
465 2804 614 2886 χρηματα
636 2800 792 2885 πέμπειν,
817 2800 911 2866 αὐτοὶ
935 2799 966 2866 δ’
990 2799 1115 2887 έπέμει-
1129 2819 1156 2860 2⁵

97 2931 162 2972 ναν
185 2906 223 2972 έν
247 2915 286 2991 τῇ
310 2909 404 2971 πόλει
428 2910 628 2991 συναγωγήν
652 2931 687 2972 τε
709 2918 777 2971 τῶν
800 2906 946 2972 ἐπίπλων
969 2905 1024 2972 καὶ
1046 2908 1116 2972 διά-

98 3019 198 3078 θεσιν
231 3024 299 3079 τῶν
331 3015 375 3097 μὴ
410 3014 606 3099 δυναμένων
639 3016 784 3098 ἀγεσδαί
808 3038 843 3079 τε
870 3014 924 3079 καὶ
953 3012 1116 3100 φέρεσθαι

99 3122 347 3204 σκηπτόμενον·
378 3120 422 3196 ὡς
460 3117 496 3185 δὲ
532 3116 675 3204 τάληθές
712 3114 778 3204 εἶχε
814 3122 1031 3206 ταράττοντες
1062 3117 1117 3183 καὶ

172 3282 206 3331 13
225 3271 281 3346 ἔφη
306 3295 357 3346 μεν
376 3276 423 3330 Ba
460 3272 508 3346 ἐφ’
528 3275 633 3349 ἡμέρας
652 3277 728 3330 ABb
823 3283 856 3331 14
875 3267 1116 3347 σνμφεράτεραΒ

100 3354 134 3402 25
152 3345 310 3419 ὑπέμειναν
329 3363 352 3403 ο.
371 3347 515 3417 Kiessling

153 3447 253 3488 onm.
268 3447 334 3487 En.
347 3447 379 3486 11.
401 3457 439 3486 nn.
454 3447 555 3488 δκοοετ.
925 3438 956 3486 10
