2414 3840
491 154 652 205 ..ς-

66 318 185 403 γνύμη
208 315 411 403 χρησάμενοι
435 314 534 379 αὐτοί
545 311 584 378 τ’
607 312 825 380 ἐπανίσταντο
849 311 904 378 καὶ
926 315 1005 390 τοὺς
1026 314 1083 377 άλ-

67 429 149 500 λους
171 422 393 508 παρεκάλουν,
417 421 479 486 οὐκ
501 418 553 504 ἐφ’
576 420 662 505 ὑμᾶς
686 420 917 504 ἠναγκάσθητε
935 442 1082 503 καταφυ-

66 540 142 613 γεῖν
164 531 242 605 τοὺς
260 529 437 604 ταπεινοὺς
453 525 509 592 καὶ
528 528 679 611 φαύλους
698 527 733 592 οί
748 524 864 613 σεμνοὶ
885 525 940 591 καὶ
958 529 1081 612 βαρεῖς,

66 637 176 701 πάντα
202 636 464 719 ὑπισχνούμενοι
486 629 612 719 <ὑπέρ>
640 641 698 716 τῆς
724 636 799 698 τότε
821 635 999 719 σωτηρίας;
1026 631 1083 698 καὶ

67 743 125 808 ἵνα
149 742 193 826 μὴ
217 740 380 819 ἐξαπατᾶν
401 741 487 824 ὑμᾶς
509 735 610 816 αὖθις
628 741 757 823 δοκῆτε,
780 739 799 804 δ
817 741 975 816 πολλάκις
994 738 1105 805 έποι-ε

66 852 181 932 ησατε,
199 847 418 932 προκάλυμμα
437 853 495 929 τῆς
513 844 638 928 ἀπάτης
651 845 788 911 Μάνιον
803 844 989 931 Οὐαλέριον
1006 868 1083 910 του-

67 952 143 1020 τονὶ
156 955 216 1019 τὸν
230 953 498 1036 φιλοδημότατον
512 952 619 1036 άνδρα
635 951 788 1037 εὕρεσθε·
807 940 834 1039 ᾦ
848 953 1083 1028 πιστεύσαντες

66 1061 163 1146 ἡμεῖς
186 1061 230 1136 ὡς
252 1058 315 1124 οὐκ
333 1057 376 1123 δυ
394 1058 459 1122 ὑπὸ
479 1057 672 1142 δικτάτορός
689 1079 725 1122 τε
742 1055 798 1123 καὶ
815 1065 919 1122 ταῦτα
937 1066 1084 1142 χρηστοῦ

67 1164 146 1250 περὶ
168 1165 253 1250 ὑμᾶς
276 1163 400 1251 ἀνδρὸς
420 1166 747 1249 φενακισθησόμενοι
766 1164 984 1249 συνηράμεθα
1001 1164 1084 1248 ὑμῖν

67 1269 126 1337 καὶ
148 1272 248 1336 τοῦδε
269 1279 330 1335 τοῦ
353 1267 499 1355 πολέμου
520 1267 577 1334 καὶ
598 1271 678 1346 τοὺς
701 1269 844 1354 ἐχθροὺς
862 1268 1023 1355 ἐνικῶμεν
1042 1269 1120 1336 οὑιο

29 1416 32 1421 ·
68 1380 210 1463 μικροὺς
232 1374 306 1442 οὐδ’
324 1376 458 1460 ὀλίγους
481 1374 554 1442 οὐδ’
573 1375 713 1460 ἀφανεῖς
735 1375 866 1460 ἀγῶνας
883 1378 1105 1462 ὑπομείναν-·

68 1478 133 1560 τες.
169 1490 295 1548 θᾶττον
319 1477 350 1547 δ’
366 1481 387 1566 ἢ
405 1484 488 1548 κατὰ
505 1483 567 1565 την
585 1481 741 1547 ἁπάντων
760 1482 877 1548 ἐλπίδα
890 1482 984 1559 τέλος
998 1483 1119 1566 είλη-2

22 1592 176 1675 ιιτφότος
206 1591 243 1655 τὸ
273 1590 450 1654 κάλλιστον
476 1596 537 1653 τοὺ
564 1585 711 1672 πολέμου
737 1596 901 1653 τοσοῦτον
929 1587 1084 1673 ἀπέσχετε

69 1704 132 1760 τοῦ
154 1697 283 1780 χαίρειν
305 1693 361 1760 καὶ
382 1696 511 1778 πολλὴν
535 1692 660 1760 εἰδέναι
681 1700 727 1782 τῷ
751 1696 844 1782 δύμφ
867 1695 977 1780 χάριν,
1000 1695 1084 1760 ὥστε

70 1799 220 1886 κατέχειν
247 1800 332 1886 ὑμᾶς
358 1803 406 1866 ἔτι
430 1799 560 1884 ἠξιοῦτε
582 1801 724 1877 άιιοντας
745 1800 812 1865 ὑπὸ
834 1811 906 1876 ταῖς
928 1805 1084 1884 σημαίαις
1093 1818 1119 1858 ιε

71 1907 109 1973 έν
132 1918 202 1984 τοῖς
225 1908 358 1991 ὅπλοις,
387 1907 442 1973 ἵνα
465 1905 654 1992 παρέλθητε
676 1907 734 1982 τάς
755 1904 952 1990 ὑποσχέσεις
973 1907 1084 1992 ὥσπερ
1131 1926 1134 1933 ’

71 2013 105 2090 έξ
134 2013 237 2100 ἀρχῆς
264 2013 429 2099 διέγνωτε.
476 2013 537 2097 οὐχ
565 2011 792 2096 ὑπομένοντος
819 2010 857 2078 δὲ
879 2021 940 2077 τοὺ
963 2011 1086 2096 ἀνδρὸς

70 2121 132 2185 τὸν
159 2122 367 2205 φενακισμὸν
394 2115 475 2185 ούδέ
501 2120 569 2206 τὴνο
588 2120 751 2204 αἰσχύνην
777 2129 839 2184 τοῦ
866 2121 991 2204 ἔργον,
1010 2114 1082 2184 ἀλλ’

72 2224 320 2309 εἰσενέγκαντος
346 2227 394 2301 είς
419 2225 481 2307 την
503 2227 604 2290 πόλιν
626 2226 666 2289 τά
689 2236 808 2309 σημεῖα
830 2223 885 2291 καί
909 2224 1087 2308 διαφέντος

72 2331 127 2398 ἐπὶ
158 2334 199 2397 τδι
231 2334 335 2398 οἰκεία
367 2333 425 2408 τὰς
457 2331 628 2414 δυνάμεις,
665 2334 836 2417 πρόφασιν
867 2331 1086 2416 ποιησάμενοι
1095 2347 1123 2388 2⁰
1158 2377 1173 2393 2

71 2439 199 2522 ταύτην
221 2448 282 2504 τοῦ
305 2439 348 2522 μη
371 2439 411 2502 τά
430 2438 542 2502 δίκαια
559 2447 668 2502 ποιεῖν
686 2447 807 2502 τούτου
826 2436 996 2521 ὑβρίσατε,
1018 2448 1086 2502 τῶν

73 2542 111 2610 δὲ
134 2545 218 2630 πρὸς
239 2544 325 2628 ἡμᾶς
347 2543 535 2628 ὁμολογιῶν
558 2543 719 2629 οὐδεμίαν
738 2543 931 2626 ἐφυλάξατε,
954 2540 1025 2608 ἀλλ’
1048 2543 1085 2608 έν

71 2660 118 2739 τῷ
148 2651 237 2738 αὐτῷ
265 2654 341 2733 τρία
368 2651 409 2714 τά
436 2649 573 2734 μέγιστα
599 2653 870 2736 παρηνομήσατε,
898 2650 936 2714 τὸ
960 2649 1085 2733 ἀξίωμα

72 2768 131 2842 τῆς
158 2761 283 2841 βουλῆς
309 2756 551 2832 καταλύσαντες
577 2754 633 2821 καὶ
658 2757 720 2839 τὴν
744 2758 857 2820 πίστιν
879 2762 940 2820 τού
963 2755 1086 2842 ἀνδρὸς

146 2991 162 3038 3
181 2984 230 3039 καί
248 3014 282 3025 -
300 2982 518 3053 ὑπισχνούμενοι
536 2983 600 3038 add.
620 2982 666 3035 Bb
684 2982 715 3036 in
733 2999 798 3052 mge
852 2990 869 3037 4
887 2992 936 3054 τῆς
953 2981 1016 3038 τότε
1035 3001 1087 3038 σα-

74 3056 214 3125 τηρίαςΟ
251 3053 322 3124 ὑπὲρ
346 3075 369 3112 τ.
393 3075 416 3108 τ.
437 3071 459 3108 τ.
485 3071 508 3109 c.
528 3053 687 3122 Stephanus
723 3074 746 3109 τ.
770 3074 794 3109 τ.
819 3071 842 3109 ο.
863 3053 947 3109 ἕνεκα
966 3054 1087 3123 Sylburg

74 3134 91 3182 6
110 3134 144 3197 τῇ
163 3125 257 3196 ἀπάτη
276 3126 323 3181 vel
340 3132 402 3188 ταῖς
424 3124 547 3187 ἀπάταις
564 3141 587 3179 ο.
608 3124 710 3192 Sylbur
802 3132 817 3179 7
837 3121 935 3195 εὑρεθ’
956 3141 979 3180 ο,
999 3123 1088 3179 Cobet

74 3197 140 3252 Oba.
160 3215 188 3266 p.
205 3204 255 3252 128
347 3204 378 3251 11
399 3197 451 3250 ούιι
470 3195 579 3266 ὀλίγους
597 3195 620 3248 Β
637 3200 640 3255 Ι
657 3196 710 3250 ούδ
736 3197 802 3250 ante
821 3197 943 3266 ἀφανεῖς
961 3212 1014 3251 om.
1034 3195 1086 3248 AB

75 3276 109 3323 12
129 3268 202 3323 κατὰ
220 3267 377 3323 πάντανΒ
446 3275 478 3320 13
497 3267 528 3321 τὸ
548 3267 655 3321 add.B
724 3273 758 3322 14
776 3267 930 3335 πολλοστὴν
948 3283 970 3321 ο.
990 3265 1087 3320 Kiess-

72 3339 136 3408 ling
226 3345 258 3394 15
278 3338 457 3412 σημ<οιί>αις
474 3338 521 3391 Bb
612 3343 645 3392 16
664 3336 824 3408 παρέλθητε
848 3337 878 3390 in
901 3355 975 3405 susp.
994 3338 1086 3392 εοεαε.

74 3409 165 3465 Cobet
183 3408 248 3464 obs.
267 3428 295 3479 p.
316 3415 366 3464 128
439 3415 473 3463 23
492 3407 710 3479 παρηνομήσατε
728 3411 751 3462 Β
787 3407 1000 3478 παρενομήσατε
1018 3407 1044 3459 R
