2414 3840
505 197 667 246 -Ε-
1030 193 1094 258 251

80 349 153 420 ἀλλ’
175 351 230 419 ὑπ’
253 354 388 441 άνδρὸςΙ
401 352 612 440 ἀποδειχθεὶς
631 354 714 432 ἑνός.
753 356 875 440 οὐγὰρ
894 355 1002 444 ᾤοντο
1022 357 1130 422 δελν2

81 461 273 546 ἐπίφθονον
302 462 408 544 όνομα
435 459 491 526 καὶ
519 463 607 548 βαρὺ
633 458 762 527 θέσθαι
787 459 856 528 τινὶ
882 460 965 549 ἀρχῇ
995 464 1095 527 πόλιν

81 564 266 654 ἐλευθέραν
299 567 576 653 ἐπιτροπευούσῃ,
608 578 676 633 τῶν
703 590 739 633 τε
766 566 960 655 ἀρχομένων
988 567 1094 651 ἕνεκα,

30 672 136 739 οειίνα
160 669 270 758 μηθὲν
289 671 343 739 ἐπὶ
360 685 432 750 ταῖς
450 672 668 759 μισουμέναις
685 679 924 758 προσηγορίαις
942 675 1095 762 ἐκταράτ-

79 803 213 864 τωνται,
236 777 291 845 καὶ
312 791 380 845 τῶν
397 782 727 864 παραλαμβανόντων
744 782 803 857 τὰς
821 780 923 866 ἀρχάς
939 786 1122 869 προνοίμ,ο

79 890 124 971 μή
151 910 185 950 τι
212 887 365 952 λάθωσιν
393 887 413 971 ἢ
442 889 608 964 παθόντες
633 885 693 971 ὑφ’
717 885 838 973 ἑτέρων
865 885 1094 973 πλημμελέςῆ

80 993 264 1078 δράσαντες
286 991 383 1058 αὐτοὶ
405 995 484 1070 τοὺς
506 991 617 1076 πέλας,
641 989 689 1058 ὧν
710 992 873 1079 φέρουσιν
892 994 1095 1059 αἱτοιαῦται

81 1101 288 1165 δυναστεῖαι·
321 1098 391 1165 ἐπεὶ
422 1102 459 1164 τό
489 1124 527 1184 γε
554 1108 612 1184 τῆς
640 1098 791 1178 ἐξουσίας
817 1098 975 1184 μέγεθος,
1009 1095 1048 1184 ἧς
1076 1099 1094 1165 ὁ

81 1206 243 1289 δικτάτωρ
276 1208 357 1290 ἔχει,
389 1207 507 1290 ἥκιστα
540 1207 700 1290 δηλοῦται
731 1206 795 1272 ὑπὸ
827 1215 889 1272 τοῦ
918 1206 1093 1291 ὀνόματος·

79 1313 149 1377 ἐστι
177 1314 240 1396 γάρ
271 1313 383 1396 αἱρετὴ
413 1310 573 1396 τυραννὶς
598 1312 620 1397 ἡ
649 1314 848 1398 δικτατορία.
895 1315 1034 1379 δοκοῦσι
1057 1311 1097 1380 δέ
1109 1294 1135 1411 ᾗ,

79 1441 136 1501 μοι
154 1416 327 1483 καὶτοῦτο
345 1414 422 1501 παρ’
446 1414 615 1503 Ἑλλήνων
634 1419 670 1484 οί
682 1414 839 1504 Ῥωμαῖοι
855 1420 894 1484 τὸ
912 1421 1104 1503 πολίτευμα

80 1527 205 1606 λαβεῖν.
251 1524 288 1588 οί
313 1525 376 1609 γὰρ
400 1525 611 1609 Αἰσυμνῆται
637 1525 838 1607 καλούμενοι
859 1522 938 1611 παρ’
957 1523 1095 1610 Ἕλλησι

79 1630 116 1694 τὸ
144 1628 300 1714 ἀρχαῖον,
333 1630 377 1706 ὡς
405 1628 442 1695 ἐν
468 1641 539 1706 τοῖς
566 1627 641 1714 περὶ
668 1633 838 1714 βασιλείας
867 1631 995 1714 ἱστορεῖ
1013 1634 1095 1697 Θεό-

79 1750 240 1819 φραστος,
263 1735 392 1820 αἱρετοί
410 1758 498 1812 τινες
515 1730 602 1820 ἦσαν
620 1736 794 1819 τύραννοι·
817 1730 962 1821 ᾑροῦντο
982 1733 1012 1802 δ’
1036 1737 1094 1801 αὐ-

32 1843 159 1917 οιετοὺς
181 1840 220 1905 αί
238 1842 351 1917 πόλεις
374 1836 445 1907 οὔτ’
467 1844 514 1918 είς
537 1841 672 1927 ὁριστὸν
694 1844 819 1927 χρόνον
839 1843 917 1908 οὔτε
936 1854 1093 1929 συνεχῶς,
1108 1865 1134 1906 15

79 1946 164 2013 ιἰλλά
186 1948 269 2034 πρὸς
290 1949 370 2024 τοὺς
392 1947 544 2033 καιρούς,
569 1947 667 2013 ὁπότε
691 1947 797 2027 δόξειε
820 1946 1015 2033 συμφέρειν,
1038 1947 1095 2015 καὶ

79 2055 126 2130 είς
160 2052 349 2119 ὁποσονοῦν
376 2056 513 2140 χρόνον·
547 2055 656 2140 ὥσπερ
680 2053 736 2119 καὶ
760 2058 990 2138 Μιτυληναῖοί
1009 2051 1090 2121 ποθ’

79 2160 210 2225 εἵλοντο
233 2161 401 2225 Πιττακὸν
428 2161 511 2243 πρὸς
537 2162 617 2236 τοὺς
644 2160 798 2246 φυγάδας
823 2162 903 2238 τοὺς
929 2159 1004 2247 περὶ
1024 2158 1095 2227 Ἀλ-

79 2276 177 2331 καῑον
200 2268 260 2331 τὸν
282 2269 432 2351 ποιητήν.

144 2372 311 2438 LXXIHI.
329 2365 460 2439 Ἦλθον
479 2367 513 2436 δ’
535 2371 704 2438 ἐπὶτοῦτο
724 2374 760 2437 οί
774 2383 900 2460 πρῶτοι
915 2374 1092 2459 διδαχθέν-
1107 2397 1133 2437 εο

80 2502 132 2556 τες
154 2487 194 2563 τῇ
217 2481 316 2566 πείρα
337 2480 375 2544 τὸ
398 2482 570 2565 χρήσιμον.
608 2474 680 2544 κατ’
702 2479 803 2565 ἀρχάς
822 2476 965 2564 μὲνγὰρ
984 2482 1093 2546 άπασα

30 2588 175 2662 ιοιλπόλις
189 2581 306 2662 Ἑλλάς
326 2585 546 2669 ἐβασιλεύετο,
569 2586 656 2669 πλὴν
675 2585 737 2670 οὐχ
756 2586 866 2672 ὥσπερ
884 2588 925 2651 τὰ
942 2587 1094 2673 βάρβαρα

81 2694 164 2775 ἔθνη
184 2692 395 2775 δεσποτικῶς,
412 2691 495 2757 ἀλλὰ
511 2693 593 2757 κατὰ
608 2694 734 2777 νόμους
748 2694 841 2769 τινὰς
859 2690 915 2759 καὶ
933 2693 1095 2778 ἐθισμοὺς

80 2800 254 2884 πατρίους·
285 2794 342 2862 καὶ
363 2798 538 2883 κράτιστος
560 2794 603 2882 ἦν
621 2800 777 2880 βασιλεὺς
796 2799 814 2864 ὁ
833 2800 1041 2878 δικαιότατός
1058 2825 1094 2867 τε

80 2901 135 2969 καὶ
166 2904 395 2988 νομιμώτατος
426 2901 482 2968 καὶ
514 2899 623 2987 μηθὲν
651 2903 904 2990 ἐκδιαιτώμενος
935 2918 1003 2973 τῶν
1033 2929 1094 2974 πα-
1107 2927 1134 2968 ετ

80 3011 192 3095 τρέων.
238 3010 337 3092 δηλοῖ
363 3004 400 3074 δέ
426 3007 483 3074 καὶ
498 3006 640 3093 Ὅμηρος
669 3011 891 3089 δικασπόλους
918 3035 954 3078 τε
980 3018 1128 3081 καλῶν2

153 3241 187 3290 10
206 3232 315 3362 mionz]
336 3236 420 3306 ἀρετὴ
438 3235 485 3290 Ba
540 3241 573 3290 15
593 3235 633 3300 εἰς
651 3236 782 3308 ἀόριστον
792 3237 944 3362 ί,κρόνουθ
982 3238 1022 3302 είς
1036 3239 1095 3308 ὁρι-

82 3307 148 3362 οτὸν
167 3304 270 3377 χρόνον
311 3307 378 3362 obet
397 3307 462 3363 Obs.
481 3325 509 3377 p.
526 3314 577 3364 10⁷
642 3315 675 3364 1‘1
695 3309 735 3372 είς
754 3307 791 3363 ὁπ
809 3326 858 3364 σον
895 3308 1021 3380 ρόνονΟ
1054 3307 1095 3372 είς

79 3377 363 3512 ὁιιρρρρρρῦἕὸχρόνον
387 3378 475 3434 Cobet
496 3378 554 3433 1.1.
635 3386 669 3434 23
688 3376 849 3452 <ἐ>θισμὸν
958 3385 991 3434 26
1010 3382 1094 3434 δικαο
