2400 3848
493 176 655 227 -Ε-
1019 173 1081 239 157

68 333 147 416 ρεάν
181 329 237 396 καί
269 332 370 411 αὐτὸς
401 332 499 399 πέντε
528 335 671 400 τάλαντα
699 339 924 422 προστίθησιν
953 333 988 400 ἐκ
1015 346 1082 401 τῶν

69 439 174 503 ίδίων.
225 440 410 524 Ταρκύνιος
442 437 503 525 μὲν
534 440 575 524 δὴ
603 444 809 518 Κολλατῖνος
835 440 971 526 τοιαύτη
999 442 1117 527 τύχη3

22 545 256 631 θτόπεριπεσὼν
286 547 334 623 είς
355 547 543 611 Λαουίνιον
571 544 673 633 ᾤχετο
701 548 762 630 τὴν
790 548 994 631 μητρόπολιν
1021 555 1083 610 τοῦ

67 654 227 717 Λατίνων
249 650 379 734 γε’νους,
403 650 440 717 ἐν
462 643 484 737 ᾗ
503 655 641 738 γηραιὸς
659 652 822 718 ἐτελεύτα·
846 653 863 719 ὁ
885 648 921 717 δὲ
935 656 1084 738 Βροῦτος

68 757 130 823 οὐκ
152 755 257 835 ἀξιῶν
279 759 381 841 μόνος
404 757 519 842 άρχειν
542 754 616 822 οὐδ’
635 760 682 834 είς
699 757 863 823 ὑπόνοιαν
882 758 996 824 ἐλθεῖν
1015 769 1110 836 τοῖςῡ

67 865 229 944 πολίταις,
249 863 300 927 ότι
318 865 501 949 μοναρχίας
517 860 680 947 ὑπαχθεὶς
697 867 795 951 πόθφ
813 865 872 928 τὸν
891 866 1085 931 συνύπατον

68 969 229 1054 ἐξήλασεν
257 967 294 1034 ἐκ
320 976 378 1051 της
400 970 573 1055 πατρίδος,
601 967 741 1046 καλέσας
763 971 822 1035 τδν
846 971 953 1055 δῆμον
977 973 1023 1048 είς
1046 973 1084 1036 τὸ

68 1077 198 1159 πεδίον,
223 1076 308 1139 ἔνθα
332 1076 479 1159 σύνηθες
502 1075 615 1152 αὐτοῖς
638 1071 680 1158 ἦν
702 1076 781 1152 τούς
803 1099 838 1139 τε
860 1078 1008 1159 βασιλεῖς
1029 1072 1084 1140 καὶ

69 1183 127 1258 τὰς
149 1183 253 1257 ἄλλας
276 1180 378 1264 ἀρχάς
396 1181 607 1264 καθιστάναι,
631 1183 840 1265 συνάρχοντα
863 1180 1002 1267 αἱρεῖται
1017 1184 1085 1246 Πό-

69 1292 169 1352 πλιον
194 1284 396 1372 Οὐαλέριον,
425 1286 609 1370 άπόγονον,
639 1287 683 1364 ὡς
711 1285 765 1352 καὶ
792 1289 955 1373 πρότερον
979 1282 1083 1371 εἷπον,
1101 1302 1126 1342 1⁰

69 1402 130 1458 τοῦ
143 1394 299 1476 Σαβίνου
315 1392 513 1478 Οὐαλερίου,
537 1394 644 1478 άνδρα
667 1396 801 1457 πολλῶν
820 1389 881 1478 μὲν
899 1392 955 1459 καὶ
975 1395 1086 1459 άλλων

71 1497 340 1587 ἐπιτηδευμάτων
365 1500 463 1585 χάριν
486 1498 700 1565 ἐπαινεῖσθαί
718 1523 753 1564 τε
776 1497 831 1564 καὶ
854 1501 1086 1584 θαυμάζεσθαι

71 1603 181 1687 άξιον,
204 1606 346 1689 μάλιστα
365 1601 402 1670 δὲ
420 1615 478 1689 τῆς
498 1606 692 1691 αὐταρκείας
705 1615 767 1671 τοῦ
782 1608 868 1687 βίον.
901 1608 1086 1690 φιλοσοφία

71 1712 135 1795 γάρ
161 1734 212 1787 τις
240 1711 478 1788 αὐτοδίδακτος
501 1710 631 1794 ἐγένετο
654 1709 730 1796 περὶ
749 1711 867 1793 αὐτόν,
890 1710 933 1793 ἣν
952 1710 989 1775 ἐν
1007 1715 1086 1775 πολ-

72 1821 143 1893 λοῖς
156 1815 350 1896 ἀπεδείξατο
363 1816 564 1902 πράγμασιν,
579 1812 662 1901 ὑπὲρ
679 1811 726 1882 ὧν
737 1816 851 1898 ὀλίγον
861 1815 1002 1900 ὕστερον
1013 1816 1085 1902 ἐρῶ·
1101 1829 1126 1871 1⁵

137 1922 230 1987 XIII.
267 1924 364 1988 Μετά
394 1920 484 1988 τοῦτ’
511 1924 575 2007 ἤδη
609 1930 667 2009 μιᾷ
699 1924 815 2008 γνώμη
847 1919 923 2007 περὶ
952 1923 1087 1988 πάντων

73 2029 238 2113 χρώμενοι
260 2031 340 2105 τοὺς
362 2025 433 2112 μὲν·
448 2026 501 2094 ίπί
524 2037 563 2114 τῇ
582 2030 719 2114 καθόδῳ
739 2038 806 2092 τῶν
826 2027 988 2112 φυγάδων
1008 2047 1087 2093 συν-

13 2126 304 2220 ’δαιομοσαμόνους
327 2135 474 2212 ἅπαντας
497 2132 691 2199 ἀπέκτειναν
714 2144 927 2220 παραχρῆμα,
950 2132 1005 2198 καὶ
1028 2135 1087 2198 τὸν

73 2242 270 2325 μηνύσαντα
296 2241 358 2324 την
386 2243 601 2324 συνωμοσίαν
630 2242 755 2305 δοῦλον
778 2239 953 2327 ἐλευθερίᾳ
975 2263 1010 2303 τε
1033 2236 1088 2304 καὶ

72 2351 241 2423 πολιτείας
278 2346 452 2430 μεταδόσει
487 2343 543 2410 καὶ
579 2348 723 2431 χρήμασι
755 2351 890 2422 πολλοῖς
922 2344 1088 2430 ἐτίμησαν.
1103 2360 1128 2400 2⁰

75 2455 183 2519 ἔπειτα
214 2455 291 2535 τρία
322 2454 543 2537 πολιτεύματα
575 2453 733 2517 κάλλιστα
762 2450 814 2517 καὶ
845 2452 1089 2538 συμφορώτατα

74 2569 118 2648 τῷ
140 2567 247 2647 κοινῷ
271 2559 556 2642 καταστησάμενοι
578 2560 657 2636 τούς
679 2556 708 2622 τ’
731 2558 768 2623 ἐν
790 2568 830 2643 τῇ
853 2561 946 2623 πόλει
965 2559 1090 2636 πάντας

41 2668 45 2677 ’
75 2665 234 2750 ὁμονοεῖν
261 2666 514 2751 παρεσκεύασαν
541 2663 596 2730 καὶ
619 2667 676 2741 τάς
699 2676 766 2730 τῶν
790 2664 922 2750 ἐχθρῶν
947 2663 1091 2750 ἑταιρίας

75 2771 250 2856 ἐμείωσαν.
287 2767 330 2854 ἦν
354 2768 391 2836 δὲ
412 2773 453 2836 τδι
475 2770 703 2854 πολιτεύματα
718 2781 785 2836 τῶν
808 2770 943 2856 άνδρῶν
965 2772 1125 2837 τοιάδε2

74 2889 208 2961 πρῶτον
238 2873 299 2962 μὲν
327 2877 453 2943 ἐκτῶν
480 2878 667 2961 δημοτικῶν
694 2879 773 2954 τοὺς
800 2880 995 2963 κρατίστους
1023 2878 1090 2944 ίπι-
1104 2893 1130 2936 2⁶

144 3067 362 3132 ὅείςελθεῑνΒ
435 3074 451 3123 8
470 3069 594 3138 σύνηθες
616 3063 652 3138 ἦν
675 3069 771 3132 αὐτοῖς
790 3067 812 3122 Ο
830 3069 984 3138 praeterB
1058 3075 1091 3124 10

77 3139 234 3211 Οὐαλέριον
254 3139 458 3196 συνυπατεύειυ
477 3141 499 3195 0
518 3141 630 3210 μενοῖεν
648 3139 671 3193 Β
727 3147 759 3195 11
779 3141 912 3214 Σαβίνων
929 3141 1090 3211 Οὐαλερίων

76 3211 101 3265 A
135 3212 266 3283 Σαβίνου
292 3211 490 3282 ΟὐαλερίουΒ
528 3208 608 3266 εἶπόν
631 3231 707 3275 τινος
728 3219 784 3267 τῶν
808 3210 867 3281 άμα
888 3212 979 3283 Τατίῳ
999 3231 1091 3280 παρα-

75 3281 244 3408 &IIII
256 3280 417 3408 {IIII
434 3283 748 3410 ZIIIQ'ZIIIIIIII
760 3283 925 3407 ggfflov
945 3281 1091 3404 οἳύὐίί

77 3430 185 3479 κτεῖναι
198 3423 246 3478 Ba
302 3432 334 3481 19
354 3371 538 3495 ἒλεέυθερίαΒ
594 3371 796 3495 ἒλευύερίαῖθ
851 3430 885 3478 23
905 3417 1026 3489 ἕτερείας
1044 3421 1091 3474 Ba
