2414 3840
541 153 705 201 -A-
1088 143 1130 209 41

113 336 189 388 ταις
224 314 331 397 πολλή
364 309 505 398 φροντίς
536 314 627 377 ἔσται
658 318 719 375 τοῦ
750 311 795 394 μή
827 312 1010 396 προχείρως
1041 310 1133 386 τινδις

58 418 337 505 694ἐλευθεροῦν,
361 419 407 496 ὡς
424 421 464 483 τά
485 415 621 503 μέγιστα
639 427 707 483 τῶν
725 416 762 482 ἐν
781 415 974 501 ἀνθρώποις
993 414 1132 497 ἀγαθῶν

115 518 168 603 οἷς
195 528 289 610 ἔτυχε
318 524 578 611 δωρησομένοις·
617 535 687 601 τοῖς
715 520 751 589 δέ
780 523 915 599 δοάλοις
942 524 990 587 ἐτι
1013 524 1132 605 μείζων

112 631 255 718 ὑπάρξει
278 635 453 719 προθυμία
475 643 630 717 χρηστοῖς
653 625 739 696 εἶναι
761 627 837 715 περὶ
859 632 938 707 τοὺς
960 630 1131 712 δεσπότας,

115 737 177 804 ἐὰν
206 739 376 822 μάθωσιν,
405 739 456 804 ὅτι
478 747 536 822 τῆς
559 737 753 823 ἐλευθερίας
775 735 862 815 ἀξιοι
884 735 1056 823 κρνθέντες
1080 734 1164 813 sis-5

115 846 280 929 δαίμονος
303 845 430 922 εὐθέως
452 842 507 910 καὶ
530 845 674 930 μεγάλης
694 846 828 909 ἔσονται
845 849 976 909 πολῖται
994 846 1131 925 πόλεως,

114 949 173 1017 καὶ
186 946 287 1017 ταῦθ’
299 950 433 1029 ἕξουσιν
443 951 614 1037 ἀμφότερα
627 951 717 1035 παρδι
730 961 797 1015 τῶν
812 951 983 1016 δεσποτῶν
992 949 1131 1032 τάγαθά.

114 1063 280 1124 τελευτῶν
313 1054 351 1123 δὲ
382 1059 441 1123 τδν
472 1056 548 1142 περὶ
579 1067 641 1122 τοῦ
673 1056 903 1143 συμφέροντος
935 1057 1168 1139 είσηγήσατο4

115 1168 222 1249 λόγον
247 1168 327 1243 τοὺς
352 1162 414 1250 μὲν
437 1163 674 1249 ἐπισταμένους
696 1164 971 1247 ὑπομιμνήσκων,
994 1160 1073 1240 τοὺς
1097 1158 1130 1227 δ’

115 1271 326 1356 ἀγνοοῦντας
349 1272 533 1354 διδάσκων,
564 1271 615 1336 ὅτι
637 1272 733 1336 πόλει
756 1271 951 1347 δυναστείας
974 1268 1131 1357 ἐφιεμένη
1151 1291 1178 1331 ιο

114 1377 173 1445 καὶ
197 1379 350 1464 μεγάλων
367 1378 568 1463 πραγμάτων
587 1375 709 1461 ἑαυτήν
728 1376 866 1462 ἀξιοάση
886 1377 1026 1455 οὐδενὸς
1045 1377 1132 1442 οὕτω

115 1488 173 1552 δεῖ
192 1486 383 1571 πράγματος
406 1486 450 1563 ὡς
471 1488 769 1571 πολυανθρωπίας,
793 1486 849 1550 ἵνα
872 1484 1029 1571 διαρκίση
1050 1485 1134 1568 πρὸς

114 1593 244 1670 πάντας
268 1576 354 1670 ’τοὺς
380 1590 546 1677 πολέμους
574 1594 707 1669 οἰκείοις
734 1593 849 1669 ὅπλοις
875 1591 1044 1677 χρωμένη,
1077 1588 1134 1655 καλ

115 1699 161 1784 μή
186 1696 327 1776 ξενικοῖς
350 1699 571 1783 στρατεύμασι
592 1703 936 1782 καταμισθοφοροῦσα
954 1696 1133 1774 συνεξανα-

115 1810 214 1889 λωθή
242 1814 313 1881 τοῖς
339 1805 496 1890 χρήμασι’
532 1800 586 1868 καὶ
615 1805 671 1868 διδι
697 1799 787 1868 τοῦτ’
819 1806 883 1887 ἐφη
911 1805 991 1880 τοὺς
1017 1802 1132 1887 προτέ-
1152 1831 1178 1872 ιι

115 1934 200 1998 ρους
221 1913 369 1994 βασιλεῖς
391 1911 492 1976 ἀπασι
514 1909 778 1995 μεταδεδωκέναι
800 1919 858 1994 τής
879 1913 1046 1988 πολιτείας
1063 1921 1133 1987 τοῖς

116 2016 233 2096 ξένοις.
275 2020 307 2082 εί
336 2014 373 2082 δὲ
403 2014 459 2083 καὶ
491 2027 613 2083 τοῦτον
640 2020 902 2101 καταστήσονται
928 2020 988 2083 τὸν
1015 2021 1169 2102 νόμον,5

113 2124 246 2207 πολλήν
268 2124 384 2201 αὐτοῖς
406 2127 518 2207 ἔλεγεν
542 2123 578 2188 ἐκ
600 2134 667 2189 τῶν
691 2123 984 2210 ἐλευθερουμένων
1003 2123 1133 2208 ἐπιτρα-

116 2233 289 2315 φήσεσθαι
316 2232 456 2314 νεότητα
485 2227 540 2295 καὶ
564 2229 723 2296 οὐδέποτε
747 2230 928 2315 ἀπορήσειν
950 2229 1012 2312 τήν
1034 2231 1133 2295 πόλιν

63 2339 258 2403 ῖῖόοίκείων
281 2338 404 2421 ὅπλων,
429 2331 500 2402 ἀλλ’
522 2336 607 2415 ἕξειν
631 2338 789 2421 δυνάμεις
807 2335 872 2401 αίελ
891 2337 1051 2419 διαρκεῖς,
1070 2334 1133 2400 κάν
1152 2367 1179 2407 20

115 2446 200 2526 πρὸς
227 2445 354 2521 πάντας
376 2443 579 2529 ἀνθρώπους
602 2443 798 2528 ἀναγκασθῇ
821 2445 987 2526 πολεμεῖν.
1032 2441 1168 2527 χωρὶς6

117 2548 154 2617 δέ
183 2559 245 2616 τοῦ
272 2557 368 2634 κοινή
395 2553 560 2635 χρησίμου
588 2549 643 2615 καλ
672 2552 740 2638 ίδίηι
768 2552 874 2616 πολλά
898 2550 1133 2634 ὠφελήσεσθαι

115 2661 195 2736 τοὺς
218 2656 471 2744 εὐπορωτάτους
489 2653 675 2740 Ῥωμαίων,
703 2655 762 2721 ἐὰν
784 2658 864 2734 τοὺς
886 2656 1134 2745 ἀπελευθέρους

116 2764 196 2831 ἐῶσι
232 2772 291 2847 τής
326 2764 493 2840 πολιτείας
524 2759 686 2847 μετέχειν,
724 2761 761 2827 ἐν
782 2761 980 2846 ’ἐκκλησίαις
1012 2787 1047 2830 τε
1078 2763 1133 2830 καλ
1168 2825 1171 2830 ,

116 2871 350 2955 ψηφοφορίαις
381 2865 437 2933 καὶ
468 2879 540 2945 ταῖς
571 2870 686 2945 ἀλλοις
714 2873 897 2947 πολιτικαῖς
924 2874 1049 2956 χρείαις
1075 2873 1133 2948 τὰς
1152 2898 1178 2940 25

115 2977 268 3063 χάριτας,
296 2974 334 3040 ἐν
358 2967 408 3052 οἷς
431 2974 571 3059 μάλιστα
595 2973 729 3040 δέονται
751 2976 935 3062 πράγμασι,
963 2969 1132 3062 κομιζομέ-

188 3139 206 3186 3
226 3132 269 3187 ὅτι
287 3131 310 3186 0
349 3128 390 3185 ἔτι
407 3130 552 3201 Kiessling
569 3129 613 3186 Pr.
632 3130 696 3185 Bas.
715 3148 742 3199 p.
759 3138 791 3186 13
861 3139 893 3186 12
914 3131 945 3187 δὲ
965 3132 1069 3203 ἀρκέσῃ
1088 3134 1134 3185 Ba

114 3201 253 3275 διαρκέσῃ
272 3203 320 3257 Bb
357 3204 406 3257 δια
424 3201 474 3271 κὴς
493 3196 510 3272 ᾖ
528 3203 554 3256 Α
610 3205 642 3256 18
662 3197 911 3272 ἐπιγραφήσεσθαι
928 3203 954 3256 Α
999 3211 1032 3257 20
1053 3204 1132 3270 ἄγειν

114 3275 137 3331 0
176 3273 235 3329 οιίελ
253 3271 399 3342 Kiessling
439 3290 460 3328 r.
479 3273 543 3328 Bas,
564 3279 596 3327 13
660 3278 693 3327 21
713 3278 779 3342 post
797 3274 969 3343 ἀνθρώπους
987 3279 1056 3326 2-3
1076 3270 1132 3323 litt.

113 3345 297 3473 (utfividzitur
321 3344 368 3412 ἀν)
392 3359 488 3400 erasae
512 3346 577 3398 sunt
654 3349 687 3397 22
707 3343 945 3413 ὠφελήσεσθαιΒ
982 3337 1132 3407 ὠφεληθή-

111 3435 162 3474 σεσ
186 3436 220 3472 αι
