2414 3840
511 182 674 231 -E-
1038 180 1099 245 141

100 342 233 424 λεῖσθαι,
261 339 306 418 ὡς
335 338 390 406 ἐπὶ
416 343 561 405 Τυλλίου
589 345 843 406 συνετελοῦντο·
876 340 1100 425 ἐκκλησιάζειν

94 444 122 509 τ’
151 446 263 524 αὐτοῖς
295 444 465 512 ἀπέδοσαν
496 442 580 533 ὑπὲρ
609 456 677 511 τῶν
709 451 874 532 μεγίστων
900 446 955 514 καὶ
984 458 1102 533 ψῆφον

93 551 258 640 ἐπιφέρειν
284 551 342 619 καί
370 547 473 618 τᾶλλα
494 553 666 639 πράττειν,
695 553 757 619 ὅσοι
779 555 862 620 κατά
883 557 963 632 τοὺς
984 554 1101 641 προτέ-

93 684 169 744 ρους
196 659 360 744 ἐθισμοὺς
384 662 555 745 ἔπραττον.
600 670 670 737 τοῖς
692 656 753 744 μὲν
777 656 839 726 οὖν
862 666 998 740 πολλοῖς
1021 657 1137 727 καθ’3

92 766 218 850 ἡδονὴν
247 767 289 832 τά
320 768 481 851 γινόμενα
512 761 568 831 ὑπ’
597 766 708 831 αὐτῶν
739 762 783 850 ἦν
813 766 848 832 ἐκ
877 771 1125 854 πολυχρονίουι

90 875 241 950 δουλείας
264 873 312 950 είς
335 871 533 938 ἀνέλπιστον
556 870 754 958 ἀφιγμένοις
776 871 988 959 ἐλευθερίαν,
1011 874 1103 961 εὑρέ-

90 988 200 1064 θησαν
224 977 266 1046 δέ
284 1003 372 1056 τινες
396 978 428 1058 ἐξ
453 979 564 1045 αὐτῶν
587 980 685 1064 ὅμως,
710 971 760 1056 οἷς
782 982 890 1057 πόθος
912 977 955 1065 ἦν
978 993 1045 1046 τῶν
1064 981 1102 1047 ἐν

91 1087 267 1174 τυραννίδι
294 1097 406 1152 κακῶν
434 1083 477 1151 δι’
500 1086 661 1169 εὐήθειαν
684 1085 704 1170 ἢ
729 1088 784 1151 διδ
806 1085 1016 1170 πλεονεξίαν,
1045 1089 1103 1153 άν-

58 1194 164 1280 ῖιιδρες
197 1193 261 1258 οὐκ
293 1192 447 1277 ἀφανεῖς,
480 1195 516 1258 οἳ
545 1193 747 1277 συνώμοσαν
775 1192 828 1259 ἐπὶ
854 1196 1019 1283 προδοσία
1046 1203 1104 1278 τῆς

90 1302 213 1377 πόλεως
250 1301 439 1386 Ταρκύνιόν
470 1323 505 1365 τε
536 1297 781 1376 καταδέξασθαι
813 1299 1016 1385 συνθέμενοι
1048 1299 1139 1367 καίεο

91 1411 164 1484 τοὺς
191 1406 341 1484 ὑπάτους
363 1406 563 1472 ἀποκτεῖναι.
608 1406 768 1491 ἡγεμόνες
791 1405 822 1472 δ’
849 1408 960 1474 αὐτῶν
983 1408 1104 1485 οἵτινες

93 1513 246 1598 ἐγένοντο
272 1510 329 1578 καὶ
357 1509 401 1577 δι’
425 1512 497 1590 οἵας
526 1510 774 1598 ἐξηλέγχθησαν
802 1514 1001 1581 ἀνελπίστου
1024 1531 1104 1580 συν-

91 1623 201 1707 τυχίας
223 1622 332 1685 καίτοι
354 1619 479 1697 πάντας
497 1618 701 1706 ἀνθρώπους
718 1619 896 1704 λεληθέναι
915 1622 1104 1703 δοκοῦντες,

93 1730 188 1815 μικρδι
211 1737 279 1792 τῶν
302 1728 493 1812 ἔμπροσθεν
516 1725 708 1809 γενομένων
733 1726 911 1809 ἀναλαβὼν
934 1726 1025 1804 λέξω.

152 1834 215 1900 III.
247 1833 432 1919 Ταρκύνιος
454 1831 570 1916 ἐπειδὴ
593 1841 651 1916 τῆς
673 1834 842 1916 βασιλείας
864 1831 1005 1916 ἐξέπεσε,
1028 1834 1139 1919 χρό-ιι

92 1963 147 2006 νον
185 1939 249 2024 μέν
285 1961 360 2003 τινα
397 1938 438 2004 οὐ
472 1940 580 2004 πολὺν
615 1937 653 2004 ἐν
684 1941 779 2004 πόλει
793 1941 929 2024 Γαβίοις
962 1938 1104 2026 διέτριβε

93 2048 164 2125 τούς
196 2069 232 2111 τε
265 2048 443 2122 συνιόντας
474 2045 557 2130 πρὸς
588 2044 692 2111 αὐτὸν
722 2044 759 2111 ἐκ
785 2055 844 2130 τῆς
870 2048 997 2123 πόλεως
1023 2046 1104 2111 ὑπο-

94 2154 277 2239 δεχόμενος,
301 2143 352 2228 οἷς
373 2147 416 2234 ἦν
437 2149 597 2236 τυραννὶς
619 2151 866 2238 ἀσπαστότερον
888 2162 996 2239 χρῆμα
1015 2152 1105 2218 ἐλευ-

93 2264 220 2348 θερίας,
258 2256 314 2323 καὶ
349 2268 422 2334 ταῖς
453 2260 611 2322 Λατίνων
647 2257 776 2324 ἐλπίσιν
813 2259 939 2344 ἐπέχων
977 2259 1021 2336 ὡς
1057 2260 1102 2323 δι’

93 2365 226 2433 ἐκείνων
258 2365 551 2448 καταχθησόμενος
582 2362 635 2430 ἐπὶ
666 2366 727 2449 τὴν
759 2365 873 2451 ἀρχήν.
924 2366 969 2443 ὡς
1001 2361 1032 2430 δ’
1063 2367 1140 2432 οὐιο

92 2482 270 2559 προσεῖχον
297 2468 385 2556 αὐτῷ
413 2472 473 2535 τὸν
502 2479 587 2536 νοῦν
620 2471 658 2535 αί
684 2473 796 2549 πόλεις
823 2467 897 2536 οὐδ’
924 2471 1103 2557 ἐβούλοντο

91 2583 235 2664 πόλεμον
257 2572 342 2663 ὑπὲρ
366 2576 471 2642 αὐτοῦ
493 2579 541 2656 είς
560 2578 621 2661 την
635 2574 805 2663 Ῥωμαίων
822 2581 921 2643 πόλιν
940 2578 1104 2666 ἐκφέρειν,

92 2684 259 2769 ἀπογνοὺς
275 2684 333 2759 τὰς
351 2684 440 2768 παρὰ
458 2683 587 2749 τούτων
606 2682 806 2770 ἐπικουρίας,
828 2686 875 2761 είς
892 2688 1104 2773 Τυρρηνικὴν

92 2789 293 2876 καταφεύγει
318 2791 418 2854 πόλιν
444 2791 667 2875 Ταρκυνίους,
698 2788 731 2868 ἐξ
753 2785 793 2874 ἧς
815 2790 852 2856 τὸ
875 2793 958 2877 πρὸς
981 2795 1104 2880 μητρὸς

93 2899 180 2986 αὐτῷ
203 2894 302 2981 γένος
324 2890 376 2978 ἦν.
412 2896 527 2972 πείσας
550 2892 588 2960 δὲ
610 2896 650 2960 τά
672 2893 749 2980 τέλη
772 2907 840 2962 τῶν
868 2901 1104 2983 Ταρκυνιητῶν
1114 2955 1140 2996 25

163 3084 390 3157 1ἐκκλησιάζειν
408 3086 512 3141 Reiske
548 3082 741 3157 ἐκκλησίανΟ
831 3088 938 3144 4καθ’
954 3091 1104 3182 ἡδον<ίχν>

93 3159 135 3216 Bb
172 3156 245 3214 καθ’
261 3157 384 3228 ηδονδιςθ
465 3153 532 3213 ὅέκ
550 3163 654 3213 πολλοῦ
672 3157 816 3229 χρόνουΒ
904 3168 936 3217 16
955 3158 1007 3217 *ἐν
1024 3167 1104 3216 πολει

96 3230 221 3305 Γαβιοίβί
237 3229 284 3284 Ba
320 3224 352 3284 ἐν
370 3248 399 3284 π.
421 3231 533 3300 Γαβίων
551 3228 628 3284 ABb
656 3233 706 3284 aut
724 3226 756 3286 ἐν
776 3233 888 3304 Γαβίων
906 3231 987 3287 πόλει
1005 3234 1055 3285 aut
1073 3227 1104 3285 ἐν

95 3300 170 3358 πόλει
190 3302 306 3375 Γαβίοις
324 3300 503 3355 scribendum
520 3299 712 3356 videturesse
775 3309 808 3356 22
829 3301 880 3374 είς]
901 3299 946 3356 ἐπὶ
965 3319 988 3356 ο.
1008 3301 1104 3353 Κίεεε-

95 3372 152 3444 ling
227 3371 453 3440 κοινωνικὴν
471 3372 497 3425 A
572 3379 608 3428 24
625 3375 790 3444 ταρκυνίου.
809 3373 856 3427 Ba
890 3372 1039 3440 ταρκάνιος
1056 3369 1103 3422 Bb

97 3459 146 3501 om.
164 3445 190 3498 R
245 3450 280 3499 25
299 3442 362 3512 τέλη
381 3442 428 3495 Ba
462 3442 546 3512 τένη
564 3444 612 3499 Bb
630 3447 662 3498 ut
680 3444 801 3513 videtur,
820 3441 895 3514 γε’νει
913 3443 976 3510 Δί)
