2414 3840
499 109 678 159 ..Ε..,

74 275 177 353 θριον
209 271 403 353 βαδίζουσιν
435 267 518 333 ὁδὸν
544 269 614 350 καί,
648 268 679 331 εί
704 268 749 352 μή
777 270 1027 352 μεταθήσονται
1053 270 1095 333 τά
1173 279 1203 333 ’,

71 378 297 461 βουλεύματα,
320 373 387 462 ξτὸν
427 381 597 459 αἴσχιστον
625 373 829 439 ἀπολοῦνται
855 376 999 460 τρόπον,
1028 375 1095 440 δεί-
1151 420 1193 431 -

76 499 194 558 σαντες
217 482 261 566 μή
281 483 463 566 φθάσωσιν
482 480 604 558 αὐτούς
622 479 729 567 ἕτεροι
748 482 788 545 τά
805 482 935 567 κρυπτά
955 483 1003 558 είς
1022 491 1097 566 φῶς
1137 510 1198 562 ἓ

78 586 320 671 ἐξενέγκαντες,
349 586 444 653 αὐτοὶ
467 584 610 672 μηνυταὶ
632 590 785 670 γίνονται
806 588 890 672 πρὸς
911 587 975 652 τὸν
997 586 1095 672 ένδη-
1134 624 1207 641 —‹

34 674 204 788 {uosmet
226 705 294 759 τῶν
316 694 460 759 ὑπάτων.
502 693 520 759 ὁ
545 689 576 758 δ’
601 693 750 774 [ὕπατος]
775 690 952 770 ἐπαινέσας
970 693 1095 771 αύτούς
1129 719 1189 772 ρ

75 800 132 867 καὶ
154 802 261 866 πολλά
284 801 511 886 ὑποσχόμενος
534 795 572 865 εὖ
594 803 763 883 ποιήσειν,
786 799 846 865 ἐάν
868 798 923 865 καὶ
946 801 988 865 τά
1012 803 1093 886 ἔργα
1161 833 1182 855 ι

76 908 175 992 ὅμοια
207 916 277 984 τοίς
308 910 421 991 λόγοις
452 906 695 990 ἐπιδείξωνται,
728 908 868 982 τούτους
900 903 963 991 μὲν
992 907 1095 971 ἔνδον

76 1012 153 1100 παρ’
186 1013 291 1101 ἑαυτῷ
323 1023 473 1098 κατεῖχεν
505 1010 621 1078 οὐδενὶ
653 1014 799 1098 φράσας·
842 1015 922 1090 τοὺς
955 1009 993 1078 δὲ
1026 1023 1095 1078 τῶν

76 1124 233 1186 Λατίνων
260 1120 413 1205 πρέσβεις
441 1120 711 1204 ἀναβαλλόμενος
735 1118 817 1196 τέως
839 1116 895 1185 καλ
917 1117 1095 1205 παρέλκων

32 1245 60 1285 10
77 1227 139 1309 τήν
162 1225 337 1311 ἀπόκρισιν
360 1228 433 1291 τότε
456 1227 643 1310 εἰσαγαγὼν
666 1227 714 1303 είς
735 1227 773 1290 τὸ
792 1227 1037 1311 βουλευτήριον
1054 1221 1199 1290 τάίο

37 1334 59 1398 5
81 1329 224 1409 δόξαντα
241 1344 312 1409 τοῖς
330 1331 506 1418 συνέδροις
525 1332 737 1418 ἀποκρίνεται
754 1333 838 1417 πρὸς
856 1332 993 1408 αὐτούς·
1016 1330 1171 1397 ''Ar--

76 1439 153 1523 δρες
171 1441 264 1522 φίλοι
283 1461 318 1503 τε
336 1435 391 1503 καλ
410 1449 582 1521 συγγενεῖς
600 1434 820 1521 ἀπαγγέλλετε
838 1436 994 1515 ἀπιόντες
1011 1440 1173 1524 π’ρδςὲ

77 1545 114 1608 τὸ
142 1546 259 1610 κοινὸν
285 1557 353 1611 τῶν
375 1549 547 1628 Λατίνων,
576 1544 627 1609 ότι
645 1542 816 1628 Ῥωμαίων
845 1543 863 1609 ὁ
887 1543 994 1629 δῆμος
1017 1545 1168 1611 ούτεε

77 1652 242 1738 πρότερον
274 1655 514 1737 Ταρκυνιήταις
546 1649 697 1728 ἀξιοῦσιν
730 1649 906 1735 ἐχαρίσατο
933 1651 998 1734 τήν
1026 1661 1191 1717 vent-S

33 1776 58 1818 ιι
75 1757 252 1842 τυράννων
283 1758 450 1841 κάθοδον,
483 1752 562 1822 οὔθ’
589 1757 732 1843 ὕστερον
760 1757 862 1822 ἀπασι
893 1761 1148 1843 Τυρρηνοῖς(
1182 1802 1207 1812 «

79 1863 138 1940 οὓς
165 1859 226 1949 ἦγε
252 1866 409 1948 βασιλεὺς
431 1866 618 1950 Πορσίνας,
645 1859 729 1949 ὑπὲρ
752 1873 820 1928 τῶν
843 1862 956 1929 αὐτῶν
980 1863 1167 1949 δεσμά-ἀ

79 1992 152 2046 νοις
178 1967 234 2035 καλ
260 1974 408 2055 πόλεμον
436 1970 618 2054 ἐπάγουσιν
646 1969 802 2035 ἁπάντων
828 1968 1013 2054 [πολέμων]
1037 1975 1167 2056 fiet-‘-

77 2076 220 2161 ρύτατον
248 2076 430 2160 ἐνέκλινεν,
459 2072 531 2142 ἀλλ’
557 2075 713 2160 ήνέσχετο
739 2084 804 2160 γήν
832 2098 868 2141 τε
893 2075 1094 2162 κειρομένην
1107 2088 1196 2130 ³⁸·

79 2182 168 2269 ὁρῶν
204 2181 260 2249 καλ
297 2185 400 2261 αὐλάς
433 2180 693 2269 ἐμπιπραμένας,
730 2184 882 2268 τειχήρης
912 2186 1175 2268 γενόμενος2

8 2310 60 2364 ,το
77 2287 161 2373 ὑπὲρ
189 2300 247 2376 τῆς
273 2291 466 2376 ἐλευθερίας
493 2287 549 2354 καλ
575 2298 636 2354 τοῦ
664 2285 773 2374 μηθέν
797 2284 845 2355 ὧν
868 2290 912 2374 μή
936 2291 1095 2373 βούλεται
1109 2306 1160 2348 ³
1205 2304 1207 2318 '

75 2386 232 2482 πράττειν
249 2399 455 2472 κελευσθείς
478 2395 574 2480 ὑμῶν
592 2389 635 2479 τ’,
654 2391 680 2460 ὦ
699 2399 850 2479 Λατίνοι,
869 2398 1093 2482 τεθαύμακεν,
1116 2436 1160 2472 e

76 2505 108 2568 εί
126 2500 218 2569 ταῦτ’
241 2504 365 2580 είδότες
388 2499 491 2567 οὐδὲν
513 2497 613 2584 ήττον
633 2499 791 2586 δέχεσθαι
807 2503 887 2579 τοὺς
904 2503 1095 2589 τυράννους
1110 2518 1178 2571 2
1203 2521 1207 2530 '

75 2607 131 2673 καλ
154 2610 215 2693 τήν
241 2610 391 2693 Φιδήνης
413 2613 610 2694 πολιορκίαν
633 2609 727 2673 λύειν
750 2607 978 2687 ἐπιτάττοντες
998 2611 1093 2694 ἥκετε
1114 2623 1177 2666 ὃ

152 2799 393 2871 1μεταθήσοιντο
408 2800 430 2854 Ο
444 2800 593 2868 praeterB
648 2795 896 2870 4*ἐξενεγκόντες
909 2801 936 2855 R
964 2796 1011 2857 ἐνε
1048 2799 1093 2857 όν-
1115 2821 1158 2837 ‘

79 2871 165 2935 τεςΒ
221 2867 447 2994 ύέπιδημούντα
461 2888 484 2926 ο.
500 2869 588 2927 Cobet
602 2869 667 2927 obs.
682 2889 709 2940 p.
725 2877 777 2926 103
793 2873 798 2942 Ι
814 2869 920 2934 ύπατος
934 2870 990 2928 deL
1043 2872 1093 2926 bet
1111 2863 1207 2971 155'

78 2943 97 2997 ¹·
117 2943 136 2999 ¹·
515 2942 541 3066 ι·
556 2941 1091 3070 εικονταακαι
1120 2975 1203 3056 a

77 3021 227 3210 Ξλςῖἀγήήχν
246 3016 382 3154 gavia&
400 3033 435 3137 ἀδι
454 3034 576 3150 δάξαντα
594 3085 620 3138 Α
655 3031 703 3139 καὲλ
722 3085 816 3141 om.B
851 3033 1092 3167 κατγδιλῌλθίελξσ
1113 3086 1189 3129 θ

80 3164 112 3212 13
133 3156 147 3211 ὁ
167 3175 184 3212 ει
205 3157 232 3213 d.
251 3155 300 3210 ΒΟ
339 3161 371 3210 14
390 3154 577 3226 ταρκυνήταις
592 3155 639 3209 Bb
678 3163 710 3211 17
728 3153 857 3227 πολέμων
876 3171 956 3210 unols
975 3156 1091 3210 moluslt
1119 3143 1185 3200 δ’
1206 3166 1207 3175 ’

77 3227 222 3298 Kieseling
312 3233 345 3282 18
368 3224 542 3300 <ἠ>νέσχετο
565 3227 612 3279 Bb
705 3233 737 3282 19
761 3222 996 3351 ἐμπιμπραμένας
1016 3214 1149 3297 ΒοΙΙ

76 3300 205 3371 τειχήρης
223 3320 252 3355 τε
271 3296 421 3370 γενόμενος
440 3315 462 3353 ο.
481 3297 627 3385 Kiessling
690 3303 722 3352 21
743 3298 821 3368 ὑμῶν
840 3298 866 3352 Α
898 3315 917 3352 a
952 3299 1025 3369 ὑμᾶς
1042 3297 1089 3350 Bb
1123 3289 1205 3333 Ο

77 3376 111 3425 22
132 3369 239 3435 ίδόντες
257 3373 279 3426 Β
296 3372 300 3440 Ι
317 3369 453 3440 δέχεσθαι
470 3368 547 3423 ABa
584 3371 702 3437 δεχεσθε
722 3369 768 3422 Bb
