2400 3848
106 173 169 237 170
531 179 694 228 -Ε-

105 338 183 421 όρος
215 335 345 420 ὑψηλὸν
378 337 482 422 ἀγχοῦ
516 348 573 421 τῆς
591 332 715 421 Ῥώμης
743 335 848 422 πέραν
875 345 936 400 τοῦ
964 333 1125 421 Τεβέριος

104 451 254 527 ποταμοῦ
290 445 458 528 κείμενον·
505 442 725 529 ὀχυρωτέραις
762 443 986 528 ἐκρατύναντο
1024 464 1125 508 κατα-

13 564 15 569 “
105 560 238 625 σκευαῖς
264 573 298 614 τε
327 546 381 615 καὶ
405 553 583 633 φυλακαῖς,
612 547 688 634 περὶ
709 550 833 625 παντὸς
854 547 1054 632 ποιούμενοι
1077 549 1123 632 μη

104 654 264 738 γενέσθαι
295 665 364 730 τοῖς
396 657 566 738 πολεμίοις
592 655 672 739 <τὸ>
700 654 871 739 ἐπίκαιρον
897 657 1025 739 χωρίον
1054 653 1124 719 ἐπι-

78 763 254 845 ετείχισμα
280 763 362 826 κατά
388 771 445 845 της
473 764 613 843 πόλεως,
645 759 702 826 καλ
727 762 786 837 τδις
813 762 860 837 είς
886 761 945 825 τὸν
972 763 1124 845 πόλεμον

104 869 314 952 παρασκευὰς
337 862 474 933 ἐνταῦθ’
496 865 674 932 ἀπέθεντο·
697 863 784 933 τότ’
806 866 900 944 ἐντὸς
917 869 1050 952 τείχους
1070 865 1125 932 ἐπὶ

104 974 141 1038 τὸ
180 974 445 1060 δημοτικώτερον
485 975 688 1039 καθίσταντο
724 975 831 1039 πολλὰ
865 975 1125 1058 πολιτευόμενοι

106 1080 331 1167 φιλάνθρωπα
353 1083 436 1166 πρὸς
458 1083 536 1158 τοὺς
559 1079 711 1164 πένητας,
735 1081 791 1145 ἵνα
814 1082 859 1164 μη
878 1080 1167 1165 μεταβαλοιντοὸνι

104 1186 188 1270 πρὸς
209 1189 289 1263 τοὺς
311 1189 498 1273 τυράννους
521 1184 574 1252 ἐπὶ
596 1199 667 1264 τοῖς
690 1188 790 1264 ίδίοις
812 1185 943 1273 κέρδεσι
961 1185 1124 1252 πεισθέν-

64 1274 156 1388 gne
174 1294 360 1377 προδοῦναι
378 1295 415 1359 τὸ
434 1296 563 1359 κοινόν·
586 1292 641 1359 καὶ
660 1294 723 1378 γὰρ
740 1293 864 1369 ἀτελεῖς
878 1293 1001 1370 αὐτοὺς
1016 1292 1124 1358 ἁπάν-

103 1420 171 1461 των
198 1396 406 1482 ἐψηφίσαντο
434 1395 521 1465 είναι
548 1409 615 1465 τῶν
642 1411 768 1465 κοινῶν
789 1404 909 1483 τελῶν,
938 1397 1001 1463 ὅσα
1026 1401 1124 1482 βασι-

104 1501 285 1587 λευομένης
311 1514 369 1589 της
395 1508 521 1583 πόλεως
549 1503 698 1589 ἐτέλουν,
726 1503 782 1570 καὶ
805 1504 1030 1589 ἀνεισφόρους
1054 1516 1124 1570 τῶν

104 1610 151 1687 είς
177 1611 218 1674 τά
242 1613 459 1698 στρατιωτικὰ
481 1610 536 1677 καὶ
558 1613 637 1689 τοὺς
659 1610 824 1695 πολέμους
847 1608 1123 1694 ἀναλισκομένων

106 1717 282 1802 ἐποίησαν,
311 1717 394 1804 μέγα
421 1717 538 1804 κέρδος
561 1717 742 1803 ἡγούμενοι
765 1729 834 1794 τοῖς
856 1727 999 1800 κοινοῖς,
1028 1720 1062 1782 εί
1082 1719 1124 1782 τδι

67 1846 91 1886 ιι
107 1825 241 1909 σώματα
264 1828 370 1910 μόνον
393 1826 504 1891 αὐτῶν
527 1824 638 1904 ἕξουσι
657 1824 965 1909 προκινδυνεύοντα
983 1833 1043 1907 τῆς
1061 1844 1123 1889 πα-

104 1933 231 2015 τρίδος·
272 1934 333 2015 τήν
370 1954 404 1996 τε
437 1932 582 2016 δύναμιν
613 1929 804 2015 ἠσκημένην
836 1929 873 1995 ἐκ
903 1933 1032 1995 πολλοῦ
1065 1929 1123 1995 καὶ

105 2035 420 2123 παρεσκευασμένην
439 2040 569 2122 ἔχοντες
588 2037 625 2102 ἐν
640 2045 686 2125 τῷ
701 2035 906 2125 προκειμένφ
921 2046 979 2120 τῆς
992 2039 1123 2115 πόλεως

70 2144 426 2231 3ἐστρατοπεδεύοντο
449 2145 562 2231 πεδίῳ.
599 2146 755 2226 βασιλεὺς
778 2140 815 2209 δέ
838 2144 1050 2227 Πορσίνας”
1028 2167 1124 2226 αγων

104 2254 167 2336 την
195 2251 352 2337 στρατιὰν
379 2252 417 2315 τὸ
446 2247 507 2335 μέν
527 2248 711 2316 Ἰανίκολον
739 2249 772 2328 ἐξ
801 2249 928 2334 ἐφόδου
955 2254 1123 2334 καταλαμ-

65 2379 93 2418 20
107 2360 171 2442 βαι
173 2383 243 2425 εται
274 2357 562 2442 καταπληξόμενος
591 2360 670 2434 τοὺς
697 2356 925 2441 φυλάττοντας
952 2356 1034 2421 αὐτὸ
1066 2354 1123 2420 καὶ

106 2468 260 2552 φρουρὰν
287 2471 472 2552 Τυρρηνῶν
498 2465 534 2530 ἐν
558 2464 645 2552 αὐτῷ
669 2466 883 2548 καθίστησιν·
920 2461 973 2529 ἐπὶ
997 2459 1035 2528 δέ
1059 2465 1123 2547 τὴν

103 2574 203 2637 πόλιν
234 2574 385 2639 ἐλαύνων
413 2573 457 2650 ὡς
484 2569 539 2637 καὶ
566 2572 691 2655 ταύτην
720 2573 795 2655 δίχα
822 2573 930 2636 πόνον
952 2587 1123 2655 παραστη-

104 2680 257 2761 σόμενος,
281 2679 394 2762 ἐπειδὴ
415 2681 557 2763 πλησίον
575 2687 633 2762 τῆς
650 2679 799 2762 γεφύρας
818 2675 947 2760 ἐγένετο
966 2675 1023 2742 καὶ
1041 2680 1123 2754 τοὺς

101 2779 281 2867 Ῥωμαίους
301 2783 462 2850 ἐθεάσατο
476 2783 754 2869 προκαθημένους
767 2792 827 2849 τοῦ
837 2791 1002 2876 ποταμοῦ,
1020 2803 1124 2869 παρε-

177 3015 194 3063 4
213 3012 315 3080 χωρίον
335 3011 388 3068 del
408 3011 511 3066 Reiske
528 3015 532 3080 Ι
549 3008 712 3093 ἐπιτειχίσαι
730 3029 753 3067 ο.
768 3010 907 3065 Bficheler
925 3012 955 3064 et
967 3010 1075 3065 Kiessli
1063 3029 1124 3081 1‚ng

124 3083 208 3150 αρίον
232 3077 379 3152 ἐπίκαιρον
402 3082 481 3136 uncis
505 3081 621 3137 seclusit
643 3082 751 3151 Kayser
773 3083 844 3137 Ann
863 3081 933 3151 phil.
956 3087 1071 3151 18661).
1087 3088 1123 3138 45

106 3103 255 3223 ἐπίκαιρον
281 3154 312 3208 τδ
336 3156 438 3224 χωρίον
463 3149 636 3234 ἐπιτείχισμα
659 3170 682 3206 ο
687 3101 882 3220 ἃιίλτοελιοτςέτ)
903 3152 979 3206 Τεεε.
1003 3152 1123 3224 Herbip

105 3232 183 3296 923
220 3224 251 3279 τδ
271 3227 337 3279 ante
362 3220 509 3294 ἐπίκαιρον
533 3223 632 3278 addidi
716 3232 748 3279 14
768 3220 904 3293 ἐποίησαν
923 3224 977 3279 del.
996 3173 1125 3279 Reudler

1 3318 10 3324 ·
106 3297 239 3366 Tiroe.p
242 3301 302 3350 .40
378 3302 413 3350 20
432 3295 481 3350 καὶ
503 3292 751 3364 καταπληξόμενος
768 3295 794 3348 Α
819 3303 822 3362 λ
847 3295 896 3349 καλ
915 3312 968 3350 om.
988 3295 1013 3347 A
1088 3303 1123 3350 22

106 3368 157 3422 καὶ
175 3369 280 3492 ταμμην
298 3369 321 3422 Β
358 3367 407 3422 καλ
430 3366 519 3436 αύτην
538 3367 563 3419 R
584 3369 588 3435 Ι
608 3365 853 3437 παραλειφόμενος
870 3365 916 3419 Ba
952 3365 1125 3437 παραληψό-

106 3458 190 3509 μενος
235 3441 254 3494 b
