2414 3840
570 171 730 223 ..ς-

142 332 383 417 ἐπιτήδεύματα
407 335 530 417 νόμιμα
552 335 614 416 τήν
636 355 671 398 τε
694 333 799 415 ἀλλην
822 331 953 416 ἀρετήν,
972 332 1016 416 ἣν
1036 334 1155 398 πολλά-

107 445 127 508 3
142 463 193 516 κις
216 438 434 518 ἀπεδείξασθε
452 437 508 504 καὶ
526 438 563 504 ἐν
582 440 697 524 εἰρήνῃ
716 436 771 504 καὶ
789 439 871 503 κατὰ
888 437 1066 522 πολέμους.
1101 437 1205 505 zamae

141 552 176 610 εἴ
198 570 230 610 τι
255 542 299 610 δι’
322 546 471 630 ἀνάγκην
493 554 550 630 τής
572 548 712 622 πίστεως
734 543 790 610 καὶ
812 543 946 621 ἐλπίδος
968 547 1010 611 τὰ
1033 549 1156 631 συμβό-

141 657 218 716 λαια
245 663 359 738 κοινής
386 654 649 739 ἐπανορθώσεως
675 653 784 736 τύχοι,
812 653 853 717 τά
879 660 965 737 γοῦν
993 654 1080 718 ἀλλα
1106 675 1156 718 πι-

120 758 303 843 εστεύομεν
335 760 415 844 ὑμῖν
448 763 585 857 ἔσεσθεμ
614 759 765 843 ἀγαθοὺς
796 757 852 824 καὶ
880 755 982 824 οὐδὲν
1010 761 1155 844 δεόμεθα

142 865 219 930 οὔτε
251 865 363 951 ὅρκων
395 867 472 933 οὔτε
504 866 639 952 ὁμήρων
667 865 743 930 οὔτε
771 865 873 947 άλλής
900 869 1042 943 πίστεως
1070 867 1156 950 παρδ

141 980 202 1036 τοῦ
220 975 374 1056 πλήθους
392 973 561 1057 οὐδεμιᾶς·
585 972 666 1057 ὑμῖν
683 969 797 1056 μέντοι
815 994 853 1054 χε
871 973 955 1055 πρὸς
974 968 1077 1038 οὐδὲν
1091 983 1155 1038 τῶν

142 1077 349 1163 ἀξιουμένων
367 1078 648 1163 ἐναντιωσόμεθα.
684 1075 834 1163 καὶπερὶ
852 1074 914 1161 μὲν
931 1086 991 1161 τῆς
1004 1082 1154 1161 πίστεως,
1175 1164 1180 1175 ι

142 1179 196 1268 ἐφ’
215 1173 235 1270 ᾗ
258 1185 449 1267 διαβάλλειν
467 1184 552 1268 ἡμᾶς
570 1189 719 1268 Βροῦτος
738 1182 907 1269 ἐπεχείρει,
926 1192 1031 1249 ταῦτα
1052 1186 1153 1251 ἱκανά.

106 1292 174 1354 ιοεί
200 1288 241 1354 δέ
265 1313 315 1366 τις
341 1290 422 1372 ὑμῖν
450 1292 582 1372 φθόνος
605 1290 646 1355 οὐ
671 1291 798 1364 δίκαιος
821 1288 1002 1372 ἐγκάθηται
1026 1294 1155 1377 πονήρά

141 1391 217 1479 περὶ
244 1403 301 1478 τής
329 1397 453 1479 βουλής
481 1397 692 1461 διανοεῖσθαι
720 1399 865 1485 πείθων,
893 1397 1064 1481 βούλομαί
1081 1422 1153 1462 τινα

141 1498 197 1566 καὶ
226 1502 310 1587 πρὸς
338 1511 459 1567 τοῦτον
488 1503 591 1568 είπεῖν
620 1505 738 1586 λόγον,
769 1497 795 1566 ὦ
820 1503 974 1586 δημόται·
1011 1507 1073 1568 καί
1091 1527 1152 1588 μου

140 1608 224 1691 πρὸς
246 1614 338 1673 θεῶν
361 1605 438 1694 μεθ’
458 1609 597 1694 ἡσυχίας
619 1607 674 1675 καὶ
697 1618 863 1695 προσοχής
886 1608 1058 1676 ἀκούσατε.

208 1731 387 1798 LXXXVI.
415 1732 530 1797 Ἕοικέ
559 1757 628 1808 πως
661 1733 859 1819 ἀνθρωπείῳ
892 1733 1020 1816 σάματι
1052 1736 1153 1810 πόλις.

107 1858 132 1899 15
143 1839 310 1904 σύνθετον
337 1841 400 1925 χάρ
430 1837 486 1905 καὶ
513 1840 550 1905 ἐκ
576 1844 709 1904 πολλῶν
737 1851 848 1924 μερῶν
871 1837 961 1903 ἐστιν
985 1837 1153 1924 ἑκάτερον·

141 1943 197 2010 καὶ
220 1946 297 2011 οὔτε
320 1947 466 2029 δύναμιν
489 1949 555 2030 ἐχει
578 1945 718 2011 ἕκαστον
739 1946 802 2028 τήν
825 1944 930 2028 αὐτὴν
953 1955 1022 2010 τῶν
1041 1945 1078 2011 ἐν
1098 1946 1153 2010 αὐ-

106 2052 211 2128 2τοῑς
242 2062 353 2137 μερῶν
386 2052 462 2117 οὔτε
494 2054 605 2138 χρείας
632 2049 807 2136 παρέχεται
834 2052 892 2126 τάς
925 2057 1008 2127 λ’σας.
1056 2054 1088 2117 ελ
1113 2052 1152 2135 δή

141 2158 238 2240 λάβοι
260 2160 301 2222 τά
323 2157 406 2243 μέρη
429 2167 490 2223 τοῦ
513 2157 728 2244 ἀνθρωπείου
751 2157 901 2241 σώματος
925 2160 1017 2223 ἰδίαν
1037 2164 1153 2241 αίσθή-

141 2280 197 2328 σιν
227 2260 306 2329 καθ’
334 2264 418 2329 αὑτά
445 2262 501 2330 καλ
529 2266 663 2347 φωνήν,
696 2267 807 2329 ἔπειτα
835 2265 948 2340 στάσις
976 2265 1014 2330 ἐν
1043 2265 1153 2342 αὐτοῖς

104 2391 131 2431 ιο
143 2370 277 2453 ἐμπέσοι
308 2365 387 2435 καθ’
413 2371 450 2434 ἓν
480 2369 673 2454 γενομένοις
703 2381 774 2447 τοῖς
800 2372 914 2447 άλλοις
940 2372 1045 2436 άπασι
1073 2375 1191 2459 πρὸς1λ3

140 2478 202 2560 τήν
224 2475 367 2562 μαστέρα
390 2479 509 2560 μόνήν,
531 2475 588 2543 καὶ
605 2476 735 2560 λέγοιεν
755 2479 790 2542 οί
805 2474 866 2562 μὲν
884 2480 994 2560 πόδες,
1019 2478 1069 2543 ὅτι
1089 2488 1153 2543 πᾶν

140 2580 190 2648 ἐπ’
213 2583 327 2659 αὐτοῖς
355 2583 513 2647 ἐπίκειται
540 2584 576 2647 τὸ
605 2594 712 2667 σῶμα·
746 2585 784 2648 αλ
808 2581 845 2648 δὲ
873 2596 993 2669 χεῖρες,
1023 2585 1075 2649 ὅτι
1098 2586 1153 2661 τάς

139 2689 256 2772 τέχνας
282 2690 474 2773 ἐργάζονται
496 2686 552 2754 καὶ
574 2688 766 2773 τάπιτήδεια
791 2690 1000 2773 ἐκπορίζουσι
1021 2689 1077 2756 καὶ
1096 2691 1153 2776 μά-

139 2818 254 2879 χονται
277 2799 447 2879 πολεμιόις
469 2793 524 2860 καὶ
545 2797 629 2861 ἀλλα
647 2797 754 2860 πολλά
774 2796 974 2881 ὠφελήματα
991 2795 1152 2883 παρέχον

99 2918 126 2959 25
140 2919 196 2967 σιν
219 2903 266 2977 είς
288 2902 325 2965 τὸ
348 2904 477 2967 κοινόν·
502 2902 537 2967 οί
558 2899 595 2967 δὲ
619 2897 714 2987 ὦμοι,
737 2903 789 2967 ὅτι
807 2904 847 2968 τά
865 2904 954 2987 άχθή
973 2904 1083 2969 πάντα
1102 2901 1148 2970 ἐπ’

210 3152 227 3199 3
252 3147 329 3200 εἴτε
349 3145 402 3199 ΑΒ
439 3146 470 3200 εί
486 3166 514 3200 τι
531 3145 635 3201 Reiske
660 3151 665 3216 Ι
690 3143 802 3212 ἐλπίδος
824 3147 860 3202 τὰ
877 3147 955 3202 ABb
993 3145 1152 3222 ἐλπήήήστα

138 3218 187 3272 Ba
258 3215 435 3288 ὅάχαθάΟ
473 3217 602 3288 ἀγαθοὺς
619 3217 723 3272 Reiske
803 3215 1151 3291 8ἐναντιωθησόμεθαΒ

137 3284 402 3376 9ἐπεχείρειΑΒα
439 3283 633 3358 ἐπιχειρεῖΒὶ)
690 3296 722 3344 15
742 3290 790 3344 καὶ
805 3290 859 3344 del.
875 3290 965 3344 Cobet
979 3290 1045 3346 obs.
1083 3296 1152 3346 ,130

136 3367 173 3484 ὲὸ
192 3358 363 3487 μερηχὶμέλή
387 3358 595 3486 ρ.1Βι·ἱο12ιχι1ιχτἲ
620 3355 810 3499 ὲ197ξχτλτδὸς
828 3359 938 3425 στάσεις
956 3362 1003 3415 Ba
1024 3362 1028 3434 Ι
1050 3309 1082 3418 lg
1101 3361 1151 3416 del

160 3447 240 3486 atter
302 3448 321 3486 s.
342 3449 370 3502 p.
566 3449 601 3483 τα
634 3450 682 3486 πιτ
721 3451 766 3486 εια
1150 3486 1155 3493 ,
