2414 3840
529 221 694 269 -Δ-
1078 213 1120 278 47

98 383 184 469 ὁμοῦ
217 379 276 446 καὶ
308 377 439 456 τέκνοις
470 379 552 444 κατά
583 379 662 455 τοὺς
693 373 953 462 ἀποδειχθέντας
979 378 1123 461 χρόνους

99 486 277 555 συνέθυόν
304 510 339 553 τε
366 484 423 552 καὶ
451 485 758 570 συνεπανηγύριζον
784 481 840 549 καὶ
862 483 994 567 ἀγῶνας
1016 481 1123 549 ἐπετέ-

99 601 184 661 λουν
214 595 372 669 ἱππικοὺς
400 590 456 656 καὶ
483 593 666 676 γυμνικοὺς
692 588 838 655 καὶτῶν
860 587 936 674 περὶ
958 590 1123 675 μουσικήν

101 700 326 785 ἀκουσμάτων
353 697 408 764 καὶ
435 701 514 775 τοὺς
540 700 643 775 θεοὺς
671 697 863 781 ἀναθήμασι
889 706 1016 773 κοινοῖς
1043 695 1123 763 ἐδω-

102 816 239 894 ροῦντο.
281 807 513 891 θεωρήσαντες
542 801 579 869 δὲ
601 802 657 869 καὶ
679 806 966 889 πανηγυρίσαντες
988 801 1044 868 καὶ
1066 780 1161 907 τάς55

104 915 207 990 ἀλλας
232 912 489 997 φιλοφροσύνας
511 907 589 996 παρ’
611 910 764 993 ἀλλήλων
788 909 1021 993 ἀναλαβόντες,
1045 916 1079 975 εί
1092 933 1124 975 τι

103 1023 347 1105 πρόσκρουσμα
376 1018 513 1102 <πόλει>
540 1017 622 1101 πρὸς
649 1019 748 1082 πόλιν
775 1016 937 1099 ἐγεγόνει,
972 1014 1124 1081 δικασταὶ

106 1128 329 1210 καθεζόμενοι
353 1121 478 1210 διήκων
496 1122 551 1189 καὶ
565 1122 640 1210 περὶ
654 1131 714 1189 τοῦ
736 1124 820 1211 πρὸς
837 1125 916 1200 τοὺς
932 1122 1125 1209 βαρβάρους

104 1233 255 1319 πολέμου
293 1229 349 1297 καὶ
383 1230 458 1316 περὶ
489 1240 547 1316 τῆς
579 1232 662 1317 πρὸς
694 1230 857 1314 ἀλλήλους
889 1229 1125 1317 ὁμοφροσύνης

103 1342 221 1417 κοινάς
245 1339 421 1405 ἐποιοῦντο
445 1339 576 1421 βουλάς.
609 1345 712 1402 ταῦτα
736 1338 777 1420 δή
800 1336 855 1402 καὶ
873 1339 913 1401 τά
933 1338 1031 1421 όμοια
1048 1313 1164 1441 τού-3

104 1470 176 1522 τοις
204 1446 455 1530 παραδείγματα
485 1446 597 1528 λαβὼν
624 1447 819 1530 προθυμίαν
847 1447 920 1528 ἔσχε
948 1443 1003 1509 καὶ
1026 1445 1126 1521 αὐτὸς

105 1551 237 1629 ἁπάσας
268 1552 327 1628 τάς
359 1551 557 1636 μετεχούσας
588 1553 701 1628 πόλεις
732 1560 792 1616 τοῦ
821 1553 977 1616 Λατίνων
1006 1551 1126 1635 γένους

107 1667 273 1742 συστῆσαι
304 1655 359 1723 καὶ
392 1669 609 1742 συναγαγεῖν,
644 1658 700 1723 ἵνα
732 1658 776 1742 μή
809 1659 1043 1736 στασιάζουσαι
1071 1657 1126 1723 καὶ

106 1771 316 1850 πολεμοῦσαι
334 1767 417 1851 πρὸς
437 1764 578 1848 ἀλλήλας
596 1764 662 1829 ὑπὸ
680 1775 748 1828 τῶν
762 1765 1034 1848 προσοικούντων
1048 1767 1126 1849 βαρ·

109 1872 226 1957 βάρων
249 1872 312 1955 τήν
335 1871 535 1957 ἐλευθερίαν
558 1870 778 1955 ἀφαιρεθῶσι.
1134 1895 1164 1937 ιε

174 1976 296 2042 XXVI.
328 1979 438 2055 Γνοὺς
471 1973 508 2042 δὲ
539 1985 642 2042 ταῦτα
672 1979 750 2054 τοὺς
777 1979 973 2064 κρατίστους
1001 1980 1127 2064 ἀνδρας

108 2083 141 2162 έξ
166 2081 306 2166 ἑκάστης
328 2087 454 2161 πόλεως
473 2082 646 2149 συνεκάλει
665 2081 740 2168 περὶ
759 2085 912 2169 μεγάλων
929 2083 984 2150 καὶ
1002 2097 1127 2151 κοινῶν

56 2193 226 2276 ῖο4φήσας
244 2188 446 2275 πραγμάτων
466 2190 678 2274 συμβούλους
697 2190 819 2267 αὐτοὺς
837 2196 1024 2274 συγκαλεῖν.
1058 2189 1127 2255 ἐπεὶ

110 2293 147 2361 δὲ
171 2301 360 2380 συνῆλθον,
383 2296 583 2379 συναγαγὼν
605 2299 667 2379 τήν
690 2319 724 2361 τε
739 2291 908 2380 Ῥωμαίων
927 2297 1054 2379 βουλήν
1072 2295 1128 2361 καὶ

109 2406 189 2480 τοὺς
217 2402 282 2468 ἀπὸ
308 2413 377 2468 τῶν
403 2404 534 2468 πόλεων
556 2403 698 2486 ήκοντας
720 2404 823 2486 λόγον
847 2401 1001 2485 διεξῆλθε
1023 2425 1163 2489 παρα-ιο

110 2511 269 2594 κλητικὸν
304 2509 477 2593 ὁμονοίας,
516 2510 683 2575 διδάσκων
716 2510 760 2586 ὡς
791 2510 893 2575 καλὸν
926 2506 987 2594 μὲν
1018 2521 1128 2597 χρήμα

111 2615 232 2683 πολλαὶ
259 2618 372 2692 πόλεις
398 2623 457 2704 μιᾷ
484 2617 600 2702 γνώμη
627 2616 811 2701 χρώμεναι,
841 2618 960 2703 αίσχρά
988 2615 1020 2682 δ’
1052 2621 1128 2697 όψις

112 2733 287 2808 συγγενῶν
319 2723 475 2807 ἀλλήλαις
508 2722 773 2807 διαφερομένων·
812 2726 919 2790 αίτιόν
951 2721 981 2788 τ’
1014 2726 1128 2810 ίσχύος

112 2826 173 2914 μὲν
203 2838 277 2906 ταῖς
303 2828 484 2894 ἀσθενέσιν
507 2827 705 2912 ἀποφαίνων
732 2828 989 2914 ὁμοφροσύνην,
1019 2855 1128 2899 ταπει-

112 2938 253 3019 νότητος
276 2931 314 2999 δὲ
336 2933 392 2999 καὶ
414 2933 591 3011 ἀσθενείας
614 2932 669 2999 καὶ
692 2944 763 3012 ταῖς
785 2936 874 3000 πάνυ
898 2937 1048 3024 ἰσχυραῖς
1071 2939 1125 3004 ἀλ-
1135 2959 1162 3001 τε

111 3042 359 3126 ληλοφθορίαν.
395 3049 498 3106 ταῦτα
522 3040 703 3119 διεξελθὼν
726 3041 900 3108 ἐδίδασκεν
924 3044 1059 3128 αὐτούς,
1084 3046 1166 3123 ῶς2

184 3270 309 3325 4verba
336 3267 437 3322 καί-
457 3263 613 3338 ἐδωροῦντο
641 3271 816 3341 transposuit
841 3273 908 3340 post
934 3267 1076 3324 συνέθυόν
1098 3289 1128 3324 τε

113 3340 244 3396 Sehnolle
263 3339 362 3393 Exere.
382 3339 442 3394 orit.
461 3359 488 3410 p.
504 3346 537 3396 35
595 3347 610 3396 ⁷
629 3339 708 3396 πόλει
727 3342 791 3398 add.
805 3341 909 3395 Reiske
966 3346 997 3393 12
1017 3337 1129 3401 ἁπάσας

112 3414 142 3467 σῖ
159 3411 332 3483 μετεχούσας
352 3410 456 3466 add.B
520 3418 555 3466 24
573 3412 697 3480 ἀλλήλων
715 3412 741 3466 Α
802 3419 836 3466 25
856 3408 1128 3477 ἀλληλοφθονίανΟ

111 3484 347 3554 ἀλληλοφθορίαν
366 3480 452 3538 Cobet
471 3482 534 3538 obs.
553 3501 581 3553 p.
602 3489 635 3537 82

1126 3604 1160 3623 Δ
