2414 3840
510 177 671 230 ..ς-

87 347 132 427 τῷ
161 338 330 424 δικτάτορι
356 334 412 401 καλ
440 347 509 414 τοῖς
534 335 610 422 περὶ
633 337 736 402 αύτὸν
759 336 969 422 τεταγμένοις
993 339 1101 416 ἱππεῖς

88 447 151 515 δύο
175 453 333 528 φανῆναι,
357 442 469 508 κάλλει
491 466 527 507 τε
549 441 605 507 καλ
627 442 769 527 μεγέθει,
783 453 897 532 μακρῷ
919 448 1100 532 κρείττους,

87 546 135 616 ὧν
162 550 182 634 ἡ
207 544 287 614 καθ’
308 548 393 633 ἡμᾶς
415 550 518 634 φύσις
540 546 686 634 ἐκφέρει,
714 549 932 635 ἐναρχόμενοι
954 560 1099 637 γενειᾶν,

86 657 271 740 ἡγούμενοί
303 679 338 720 τε
372 664 429 739 τῆς
455 655 635 740 Ῥωμαικῆς
666 655 768 720 ἵππου
800 654 855 722 καλ
887 661 966 734 τοὺς
998 658 1100 742 ὁμόσε

87 771 279 848 χωροῦντας
296 771 364 826 τῶν
378 764 534 826 Λατίνιον
553 765 706 838 καίοντες
723 773 793 839 τοῖς
812 764 931 848 δόρασι
949 763 1004 830 καὶ
1018 784 1122 850 προ-ι

18 867 487 952 Οοττροπάδηνέλαύνοντες.
528 866 583 933 καλ
606 869 686 952 μετά
708 871 770 951 την
792 871 920 956 τροπὴν
942 882 1010 936 τῶν
1031 875 1099 936 Λα-

86 979 188 1041 τίνων
211 971 266 1039 καὶ
288 975 350 1057 την
373 975 498 1039 ἀλωσιν
520 982 582 1039 τοῦ
599 973 743 1058 χάρακος
761 974 872 1040 αὐτῶν
890 974 966 1060 περὶ
984 978 1099 1059 δείλην

88 1081 188 1160 ὀψίαν
215 1082 253 1146 τὸ
276 1079 370 1157 τέλος
392 1081 560 1164 λαβούσης
582 1087 640 1162 της
663 1080 782 1163 μάχης,
811 1080 847 1144 ἐν
870 1089 909 1165 τη
928 1075 1099 1164 Ῥωμαίων

87 1186 193 1272 ἀγορᾷ
220 1187 281 1251 τὸν
309 1187 411 1252 αὐτὸν
438 1188 563 1269 τρόπον
591 1186 742 1270 ὀφθῆναι
768 1188 830 1251 δύο
853 1190 1024 1252 νεανίσκοι
1047 1185 1099 1252 λέ-

86 1316 213 1377 γονται,
236 1293 415 1375 πολεμικάς
437 1290 650 1369 ἐνδεδυκότες
673 1294 792 1369 στολάς
814 1295 970 1377 μήκιστοί
989 1317 1024 1359 τε
1042 1291 1097 1358 καὶ
1108 1316 1133 1356 ιο

85 1401 257 1464 κάλλιστοι
287 1395 342 1463 καὶ
373 1399 436 1480 τὴν
467 1398 572 1480 αὐτὴν
599 1397 732 1481 ἡλικίαν
760 1401 905 1483 ἔχοντες,
941 1399 1040 1465 αὐτοί
1063 1423 1098 1465 τε

86 1506 310 1588 φυλάττοντες
332 1501 385 1568 ἐπὶ
407 1514 474 1569 τῶν
496 1505 685 1591 προσώπων
708 1505 752 1580 ὡς
771 1505 806 1570 ἐκ
825 1505 930 1589 μάχης
948 1505 1098 1588 ἡκόντων

85 1611 122 1674 τὸ
147 1609 332 1692 ἐναγώνιον
356 1619 474 1693 σχῆμα,
501 1607 556 1674 καὶ
579 1612 657 1685 τοὺς
680 1609 801 1685 ἵππους
825 1609 940 1696 ἱδρῶτι
963 1612 1098 1697 διαβρό-

86 1738 165 1800 χους
198 1715 405 1799 ἐπαγόμενοι.
451 1717 612 1801 όίρσαντες
644 1712 681 1780 δὲ
707 1725 775 1779 τῶν
802 1715 912 1779 ίππων
940 1713 1132 1802 ἕκάτερον2

85 1820 140 1887 καὶ
169 1821 391 1900 ἀπονίψαντες
418 1821 482 1886 ἀπὸ
509 1831 567 1904 της
594 1822 744 1904 λιβάδος,
777 1821 797 1904 ἢ
825 1823 914 1908 παρὰ
941 1823 979 1886 τὸ
1006 1822 1097 1907 ίερὸν
1108 1852 1134 1894 1⁶

85 1935 143 2011 τῆς
162 1922 291 2005 Ἑστίας
319 1927 502 1992 ἀναδίδωσι
531 1930 653 2012 λίμνην
675 1936 818 1993 ποιοῦσα
841 1927 1007 2012 ἐμβύθιον
1031 1927 1098 1992 ὀλί-

85 2056 165 2116 γην,
192 2036 326 2097 πολλῶν
354 2032 475 2109 αύτούς
502 2034 729 2116 περιστάντων
751 2031 807 2098 καὶ
829 2039 863 2098 εί
881 2057 913 2098 τι
936 2031 1098 2119 φέρουσιν

86 2137 139 2204 ἐπὶ
166 2139 282 2203 κοινὸν
310 2139 374 2204 ἀπὸ
402 2138 628 2225 στρατοπέδου
656 2145 779 2223 μαθείν
807 2138 1006 2223 ἀξιούντων,
1036 2144 1098 2224 την

85 2267 119 2310 τε
143 2244 251 2329 μάχην
274 2244 387 2321 αὐτοῖς
411 2246 605 2328 φράζουσιν,
629 2244 674 2321 ὡς
697 2244 826 2328 ἐγένετο
849 2243 905 2310 καὶ
927 2246 978 2311 ὅτι
1000 2256 1098 2310 νικῶ-

86 2460 133 2522 ἐτι
147 2456 305 2539 λέγουσιν
315 2457 476 2541 ὀφθῆναι,
491 2458 618 2541 πολλὴν
630 2459 763 2540 ζήτησιν
773 2457 884 2523 αὐτῶν
893 2455 1097 2541 ποιουμένου

157 2654 172 2701 2
197 2648 285 2703 verba
312 2647 361 2702 καὶ
384 2646 499 2718 μεγέθει
523 2651 552 2703 ελ
574 2665 647 2716 quae
671 2650 826 2716 sequunssur
844 2665 932 2717 usque
952 2649 988 2703 ad
1010 2649 1098 2704 verba

85 2717 164 2788 μένει
181 2727 237 2773 τῶν
257 2736 317 2789 cap.
334 2725 367 2773 36
387 2718 477 2772 altera
495 2737 594 2773 manus
615 2719 728 2788 scripsit
744 2722 748 2789 Ι
765 2725 862 2793 μακρῷ
881 2721 906 2772 Α
942 2720 1096 2794 λαμπρῷΒ

85 2797 101 2844 8
120 2789 151 2844 τὸ
171 2788 225 2843 del.
245 2789 334 2845 Cobet
351 2807 378 2858 p.
395 2796 445 2843 112
482 2789 614 2853 τὸτέλος
631 2790 770 2862 λαβούσης
788 2789 842 2844 del.
861 2790 1006 2845 Meufizner
1024 2791 1096 2847 Ann.
1149 2835 1155 2855 .

84 2860 153 2929 phil.
175 2866 244 2914 1882
267 2879 294 2930 p.
310 2867 361 2914 253
377 2876 432 2928 eqs.
459 2864 466 2951 χ
488 2869 537 2930 της
560 2860 649 2930 μάχης
673 2877 726 2915 0m.
746 2861 827 2914 ABE
852 2860 905 2918 del.
924 2862 1094 2935 Meutzner!

84 2939 118 3001 τῇ
132 2929 276 3000 Ῥωμαίων
295 2932 428 3012 ἀγορᾷύ
443 3001 450 3012 .
468 2933 602 3001 Ρωμαίων
621 2948 675 2985 om.
694 2931 717 2984 Β
786 2939 802 2987 9
820 2932 870 2988 τὸν
889 2933 976 2988 αὐτὸν
985 2932 1097 3023 χρόνον

84 3018 108 3058 c.
129 3001 252 3056 Schenkl
269 3002 401 3055 Burslam
418 3002 590 3056 thterarum
608 3019 671 3058 ann.
689 3002 767 3058 brev.
786 3021 813 3072 p.
829 3010 864 3059 36
929 3010 961 3059 12
980 3024 1097 3129 χιοντες

84 3090 107 3126 ο.
127 3071 232 3126 Reiske
251 3073 327 3139 quod
346 3072 400 3128 def.
420 3073 509 3127 Cobet
528 3072 592 3127 obs.
611 3092 639 3142 p.
656 3078 706 3126 113
771 3081 805 3128 14
824 3073 960 3145 ἄρσαντες
1039 3074 1097 3143 φά-

84 3162 185 3213 ραντες
203 3141 307 3196 Reiske
343 3144 392 3198 τὸν
412 3145 499 3198 ἵππον
520 3143 608 3199 Cobet
625 3144 677 3199 ].1.
695 3148 699 3210 Ι
716 3139 850 3215 ἑκάτερον
869 3146 895 3198 A
931 3141 1096 3214 ἕκάτεροιΒ

85 3220 117 3268 15
137 3212 350 3302 ἀπονιφάμενοι
368 3231 391 3268 ο.
410 3213 551 3268 Bficheler
618 3223 649 3270 17
670 3216 767 3278 αὐτοῖς
786 3216 808 3271 0
846 3217 949 3277 αύτούς
967 3214 1069 3268 Reiske
1090 3216 1094 3285 λ

83 3285 132 3339 καλ
152 3281 336 3354 ἐτιφερουσιν
355 3287 407 3340 είτι
425 3285 523 3341 κοινὸν
540 3285 645 3339 ΑΒΕα
672 3285 721 3340 καλ
740 3289 771 3341 εί
783 3307 810 3340 τι
829 3285 966 3356 φέρουσιν
981 3283 1021 3337 ἔτι
1034 3304 1098 3338 και-

83 3357 135 3411 νὸν
154 3356 201 3409 Eb
239 3354 288 3409 καλ
306 3358 336 3409 εί
349 3375 376 3410 τι
395 3354 530 3427 φέρουσιν
549 3358 648 3412 καινὸν
662 3355 807 3426 Kiessling
840 3357 888 3412 καλ
903 3355 946 3411 ότι
961 3352 1098 3423 φέρουσιν

84 3423 132 3481 ἐπὶ
150 3426 248 3481 κοινὸν
266 3425 410 3480 Meutzner
427 3427 445 3482 l.
466 3428 484 3481 l.
503 3445 531 3497 p.
546 3434 598 3484 255
