2400 3848
108 179 174 244 206
536 185 701 234 -Ε-

108 348 236 409 πολλοῦ
259 345 410 430 θάρσους
432 340 601 429 προῄεσαν
626 342 661 409 ἐκ
683 352 744 408 τοῦ
767 345 913 430 χάρακος
931 340 986 409 καλ
1001 341 1098 426 σνρρά-
1131 294 1138 421 λ

109 450 223 529 ξαντες
245 463 315 527 τοῖς
329 453 491 534 Σαβίνοις
510 450 671 536 ἐμάχοντο
690 454 954 528 πολλαπλασίοις
971 450 1121 522 έλάττονςθλ

109 557 145 623 ἐν
172 565 218 644 τῷ
245 562 389 642 θαρρεῖν
411 558 448 622 τὸ
471 559 590 622 πιστὸν
614 560 758 642 ἔχοντες·
790 556 890 640 καλή
914 556 1054 643 ἐμπειρία
1086 549 1097 617 λ
1132 620 1138 637 ,

109 667 173 729 σὺν
195 673 242 752 τῷ
266 667 439 751 φιλοπόνῳ
463 664 568 746 πολλή
593 663 706 740 αὐτοῖς
728 673 883 749 παροῦσα
905 665 1027 740 παντὸς
1042 653 1100 744 ἐτήῖ
1135 696 1138 721 ι

71 749 183 862 {ymo
208 771 323 836 δεινοῦ
346 781 580 855 καταφρονεῖν.
625 782 756 855 πρῶτος
779 767 841 854 μὲν
865 765 929 836 οὖν
953 771 972 836 ὁ
995 767 1096 835 Ποστό
1133 794 1138 877 ρ

107 900 182 962 μιος
208 879 246 942 τὸ
273 877 450 961 εὐώνυμον
472 879 557 961 ἔχων
580 875 678 963 κέρας
701 877 938 943 ἀναλύσασθαι
960 879 1019 960 τήν
1038 896 1096 959 προ·
1133 882 1138 941 λ

106 985 207 1071 πέραν
234 981 337 1069 ήτταν
364 984 646 1070 προθυμούμενος
668 985 705 1049 τὸ
730 983 841 1062 δεξιὸν
864 995 933 1049 τῶν
956 983 1096 1067 πολεμίαν

107 1092 230 1170 ἐξωθεῖ
258 1091 356 1178 κέρας
387 1091 551 1176 πρόνοιαν
583 1090 744 1174 οὐδεμίαν
776 1099 834 1174 τής
866 1089 988 1157 ἑαυτοῦ
1014 1094 1097 1173 ψυχῆς

106 1200 195 1282 παρὰ
222 1198 259 1262 τὸ
288 1206 386 1262 νικᾶν
413 1198 629 1282 ποιούμενος,
658 1194 728 1261 ἀλλ’
751 1197 862 1281 ὥσπερ
887 1197 923 1262 ολ
943 1198 1097 1282 μεμηνότες

68 1321 93 1362 1⁰
107 1302 162 1369 καλ
199 1309 411 1380 θανατῶντες
444 1306 491 1380 είς
523 1303 645 1387 μέσους
676 1307 755 1380 τοὺς
786 1306 967 1389 πολεμίους
998 1304 1097 1390 ῥιπτῶν
1127 1328 1130 1333 ·

107 1410 239 1475 ἑαυτόν·
273 1413 383 1476 ἔπειτα
405 1408 461 1476 καλ
485 1411 520 1475 ολ
536 1413 601 1476 σὺν
618 1419 664 1500 τῷ
683 1413 845 1498 Μενηνίῳ
864 1411 1011 1497 θάτερον
1028 1413 1098 1494 ἕχον·

105 1541 158 1594 τες
176 1514 275 1603 κέρας
292 1518 475 1602 κάμνοντες
492 1519 557 1602 ήδη
577 1515 632 1583 καλ
651 1516 880 1603 ἐξωθούμενοι
895 1527 954 1602 της
968 1517 1098 1590 στάσενίσ

106 1625 151 1702 ὡς
175 1627 315 1710 ἔμαθον,
340 1625 390 1689 ότι
413 1635 531 1690 νικῶσι
554 1627 633 1701 τοὺς
655 1626 737 1690 κατὰ
761 1634 848 1709 σφᾶς
867 1626 903 1690 oc
918 1634 980 1690 τοῦ
993 1630 1101 1690 Ποστο-

106 1736 197 1818 μίου,
219 1735 450 1818 θαρρήσαντες
473 1732 521 1808 εἰς
544 1731 707 1797 ἀντίπαλα
729 1741 892 1817 χωροῦσι·
917 1730 974 1797 καλ
996 1734 1105 1814 γίνεται
1135 1722 1138 1747 ¹

66 1855 92 1896 τε
106 1850 174 1905 τῶν
205 1840 354 1924 κεράτων
386 1837 585 1922 ἀμφοτέρων
611 1849 682 1915 τοῖς
709 1841 872 1922 Σαβίνοις
899 1837 1110 1904 ἐκκλινάντοτλ

69 1945 210 2034 5τροπή
243 1948 413 2029 παντελής.
461 1942 541 2010 οὐδὲ
573 1947 636 2030 γὰρ
669 1946 706 2010 ολ
730 1945 767 2010 ἐν
795 1943 878 2031 μέση
907 1954 947 2030 τῇ
977 1945 1119 2030 φάλανβι

104 2054 284 2140 ταχθέντες
303 2050 518 2136 ἐψιλωμένων
536 2061 604 2117 τῶν
623 2053 735 2137 ἀκρων
752 2055 799 2118 ἔτι
813 2052 1028 2139 παρέμειναν,
1046 2024 1123 2118 ἀλλ’

105 2162 169 2227 ὑπὸ
192 2169 251 2244 τῆς
274 2160 377 2225 ἵππον
399 2168 457 2242 της
476 2154 655 2242 Ῥωμαϊκῆς
678 2157 919 2243 ἐξελαυνούσης
942 2161 1025 2225 κατὰ
1044 2149 1136 2226 τέιῑλ

105 2267 302 2353 βιασθέντες
326 2266 562 2350 ἀνεστάλησαν.
601 2274 711 2349 φννής
730 2261 767 2330 δὲ
785 2265 921 2331 πάντων
939 2261 1138 2351 γενομένηε

64 2391 91 2430 20
106 2373 158 2440 ἐπὶ
194 2378 273 2452 τοὺς
309 2374 453 2460 χάρακας
491 2372 782 2455 ἀκολουθήσαντες
816 2373 852 2437 οί
878 2368 1035 2458 Ῥωμαῖοι
1065 2369 1138 2437 πθ

106 2484 379 2558 συνεισπεσόντες
402 2481 573 2565 ἀμφότερα
596 2479 825 2563 λαμβάνουσιν
849 2478 961 2544 αὐτῶν
983 2482 1025 2545 τὰ
1047 2471 1138 2566 ἔρι’

105 2612 198 2671 ματα.
235 2598 296 2654 τοῦ
319 2585 356 2653 δὲ
380 2589 423 2672 μή
447 2585 594 2652 πανσυόλ
617 2587 676 2651 τὸν
699 2597 766 2651 τῶν
785 2590 954 2670 πολεμίων
974 2587 1138 2683 &taff

105 2702 203 2776 ρήναι
241 2697 382 2781 στρατὸν
415 2695 436 2778 ή
468 2718 503 2759 τε
539 2693 600 2771 νὺξ
638 2694 726 2758 αἰτία
758 2692 889 2777 ἐγένετο
921 2693 978 2758 καλ
1009 2695 1047 2759 τὸ
1083 2686 1138 2758 ό

105 2801 209 2886 οίκείηι
241 2810 283 2886 μή
313 2801 350 2866 τὸ
379 2801 489 2878 πόθος
516 2801 629 2877 αὐτοῖς
657 2802 836 2884 συμβῆναι·
883 2799 969 2888 ῥᾷον
996 2803 1060 2887 γὰρ
1087 2801 1138 2858 ί

176 3034 191 3082 2
210 3032 426 3093 πολλαπλασίοις
444 3029 497 3082 ΑΒ
534 3034 624 3102 πολλῷ
638 3031 765 3084 πλείοσιν
780 3028 910 3084 Schnelle
927 3030 1022 3085 Exere.
1043 3048 1069 3100 p.
1085 3017 1138 3082 fl

104 3107 120 3155 4
136 3100 299 3170 παροῦσαΟ
323 3109 460 3170 περιοῦσα
474 3117 496 3154 c.
513 3100 637 3154 Sintenis
652 3100 712 3155 Em.
727 3100 808 3155 Dion.
820 3100 846 3153 Π
857 3106 890 3155 15
907 3104 911 3170 Ι
929 3097 1047 3173 ἐπήγετο
1062 3104 1092 3156 δε

104 3174 167 3245 νοῦ]
189 3167 274 3241 ἐπῆρε
293 3180 343 3226 τοῦ
363 3174 459 3227 δεινοῦ
478 3188 501 3226 ο.
520 3172 624 3226 Reiske
661 3172 782 3241 ὑπήγετο
802 3189 824 3227 ο.
841 3172 931 3227 Cobet
945 3173 1011 3229 Obs.
1047 3161 1138 3227 ,19

104 3252 120 3299 6
140 3244 340 3313 ἀναρύσασθαι
358 3243 405 3297 Ba
440 3243 640 3298 ἀναλύσασθαι
658 3241 747 3297 Cobet
766 3243 899 3300 Obs.1.l.
961 3250 995 3300 10
1014 3191 1138 3315 όλπτοί

104 3315 126 3370 Ο
146 3333 215 3371 corr.
234 3314 377 3384 Kiessling
465 3319 498 3368 14
516 3313 713 3383 θαρσήσαντες
731 3315 783 3368 ΑΒ
876 3322 908 3371 15
929 3311 1138 3371 {nuktvdefl

103 3388 155 3441 AB
194 3383 380 3458 ἐγκλινάντων
398 3386 425 3440 R
442 3386 519 3455 quod
538 3386 593 3439 def.
611 3384 743 3438 Hersslein
798 3393 829 3441 17
851 3384 892 3441 ἔτι
910 3395 965 3442 τῶν
986 3389 1008 3443 0
1027 3385 1138 3440 tran?

102 3459 200 3528 posuit
218 3458 341 3514 Sintenis
360 3458 420 3514 Em.
441 3456 522 3514 Dion.
537 3456 563 3510 II
578 3462 611 3511 15
