2414 3840
516 179 680 230 -Λ-
1065 175 1106 240 ’ίῖ

85 352 153 415 τῶν
179 342 362 427 παρόντων
389 339 561 426 δεινότερα
587 339 801 422 ὑπώπτευον,
831 338 981 427 στέργειν
1009 336 1046 404 δέ
1068 341 1109 405 τά

86 450 236 532 παρόντα
258 447 489 531 ἠναγκάξοωο
513 447 659 531 δύναμιν
677 447 740 512 οὐκ
758 449 888 531 ἔχοντες
906 441 1049 512 κωλύειν
1066 447 1107 510 τά

86 557 307 641 πραττόμενα.

153 660 341 728 ΧΧΧΧΙΠ.
377 664 489 726 Ταῦτα
516 656 547 725 δ’
574 659 717 747 δρῶντες
745 662 781 726 οί
801 659 973 746 δημοτικοὶ
996 662 1108 727 δίκαια

87 760 231 853 πάσχειν
259 767 382 845 αὐτοὺς
409 766 646 850 ὑπελάμβανον
673 765 728 832 καὶ
752 766 926 854 ἐπέχαιρον
948 764 1005 833 ὑπ’
1032 767 1135 852 εὐηῠ

88 878 198 957 θείας,
222 874 268 952 ὡς
290 873 431 951 έκείνοις
453 876 570 957 μόνοις
587 882 646 958 τῆς
663 876 864 959 τυραννίδος
882 877 1017 959 βαρείας
1036 875 1107 942 έσο-

90 980 209 1066 μένης,
238 982 334 1064 σφίσι
362 973 395 1044 δ’
427 979 541 1057 αὐτοῖς
563 979 757 1045 ἀκινδύνου.
801 975 860 1064 ἧκε
884 977 921 1045 δε
943 981 1109 1061 κάκείνοις

91 1088 133 1154 οὐ
149 1087 240 1173 ’μετά
262 1087 371 1152 πολὺν
392 1088 518 1173 χρόνον
541 1089 589 1151 ἔτι
611 1088 713 1152 πλείω
736 1087 777 1154 τά
798 1088 932 1171 χαλεπά.
972 1090 1052 1166 τούς
1074 1112 1109 1155 τε

90 1197 156 1281 γάρ
184 1196 311 1278 νόμους
337 1195 417 1270 τοὺς
443 1192 508 1258 ὑπὸ
542 1196 686 1259 Τυλλίου
712 1192 916 1279 γραφέντας,
943 1190 1024 1260 καθ’
1050 1195 1110 1274 οὓς

43 1301 125 1380 ττόέξ
149 1307 228 1366 ἴσον
251 1301 291 1364 τά
315 1302 427 1365 δίκαια
449 1294 527 1385 παρ’
549 1299 702 1384 άλληλων
725 1299 914 1383 ἐλάμβανον
932 1300 988 1367 καὶ
1006 1300 1109 1368 οὐδὲν
1123 1316 1149 1356 1⁰

91 1408 158 1473 ὑπὸ
186 1417 255 1471 τῶν
281 1410 464 1490 πατρικίων
492 1408 537 1484 ὡς
559 1409 723 1493 πρότερον
746 1407 948 1490 ἐβλάπτοντο
971 1407 1047 1493 περὶ
1069 1411 1109 1474 τά

92 1517 297 1599 συμβόλαια,
323 1513 450 1590 πάντας
472 1512 596 1578 ἀνεῖλε·
633 1511 688 1579 καὶ
712 1510 791 1579 οὐδὲ
813 1515 872 1591 τάς
895 1517 1048 1598 σανίδας,
1073 1516 1109 1582 έν

93 1611 147 1698 αίς
179 1616 267 1704 ἦσαν
298 1618 536 1705 γεγραμμένοι,
568 1618 756 1704 κατέλιπεν,
789 1620 872 1685 ἀλλά
903 1620 958 1686 καὶ
989 1623 1110 1699 ταύτας

94 1733 344 1812 καθαιρεθῆναι
384 1727 542 1804 κελεύσας
579 1725 615 1792 ἐκ
650 1737 708 1811 τῆς
745 1725 869 1811 ἀγοράς
905 1726 1110 1812 διέφθειρεν.

94 1836 207 1899 ἔπειτα
229 1829 387 1897 κατέλυσε
410 1833 468 1908 τὰς
491 1832 554 1898 ἀπὸ
576 1843 644 1898 τῶν
666 1832 857 1918 τιμημάτων
877 1834 1037 1920 είσφορδις
1054 1809 1149 1924 κολᾷ5

94 1939 185 2023 <είς>
212 1939 273 2003 τὸν
300 1936 334 2016 ἐξ
362 1937 464 2023 ἀρχῆς
491 1941 616 2024 τρόπον
642 1938 898 2024 ἀποκατέστησε·
934 1939 990 2007 καὶ
1013 1941 1111 2008 ὁπότε

95 2047 247 2130 δεήσειεν
267 2044 356 2132 αὐτῷ
375 2045 562 2130 χρημάτων,
585 2047 624 2110 τὸ
643 2051 718 2113 ίσον
737 2048 903 2133 διάφορον
922 2047 1111 2114 όπενέστα-

96 2174 151 2228 τος
183 2158 231 2237 τῷ
263 2151 499 2238 πλουσιωτάτῳ
527 2149 696 2235 κατέφερε.
738 2161 837 2219 τοῦτο
865 2156 902 2219 τὸ
930 2157 1111 2239 πολίτευμα

96 2260 183 2324 πολὺ
201 2266 263 2322 τοῦ
283 2259 464 2342 δημοτικοῦ
482 2260 635 2342 πλήθους
654 2258 872 2343 ἀπανήλωσεν
886 2259 939 2326 ἐπὶ
952 2270 1010 2344 τῆς
1023 2262 1111 2346 πρώ-

97 2387 153 2449 της
177 2362 284 2440 εὐθὺς
306 2364 465 2449 είσφορῶς
483 2362 753 2448 ἀναγκαζομένου
771 2367 853 2431 κατά
871 2367 1021 2449 κεφαλὴν
1039 2366 1111 2432 ἑκά·
1125 2382 1151 2422 2⁰

99 2486 179 2535 στου
203 2468 352 2553 δραχμάς
375 2466 454 2533 δέκα
475 2468 652 2553 εἰσφέρειν.
689 2472 856 2549 συνόδους
873 2494 908 2536 τε
927 2473 1110 2559 συμπάσας,

99 2576 173 2640 ὅσαι
206 2576 371 2660 πρότερον
404 2574 557 2659 ἐγίνοντο
588 2588 749 2662 κωμητῶν
780 2576 801 2661 ἢ
829 2592 1064 2664 φρατριαστῶν
1090 2581 1111 2667 ἣ

99 2685 261 2765 γειτόνων
285 2683 322 2747 έν
345 2705 380 2747 τε
404 2690 443 2767 τῇ
466 2684 561 2747 πόλει
583 2681 638 2748 καὶ
662 2683 715 2749 έπὶ
737 2695 805 2750 τῶν
828 2685 941 2773 ἀγρῶν
965 2685 1017 2771 ἐφ’
1041 2689 1112 2776 ίερά

99 2786 153 2853 καὶ
183 2790 310 2864 θυσίας
342 2788 445 2853 άπασι
474 2789 590 2866 κοινάς
622 2801 759 2876 προεῖπε
786 2791 902 2878 μηκέτι
929 2801 1110 2879 συντελεῖν,

99 2895 153 2960 ἵνα
186 2896 232 2980 μὴ
266 2896 439 2972 συνιόντες
466 2898 513 2972 είς
540 2897 640 2961 ταύτὸ
670 2897 789 2964 πολλοὶ
816 2901 940 2982 βουλάς
968 2899 1112 2989 ἀπορρη-
1126 2916 1152 2958 2⁵

43 3064 46 3071 ,
100 3025 177 3079 τους
201 2998 270 3086 μετ’
293 3000 445 3086 ἀλλήλων
467 3012 629 3068 ποιῶνται
650 3003 726 3090 περὶ
749 3007 957 3084 καταλύσεως
980 3018 1037 3092 τῆς
1056 3008 1112 3095 άρ-

101 3117 165 3194 γῆς.
206 3104 293 3192 ἦσαν
326 3105 358 3173 δ’
388 3109 477 3198 αὐτῷ
510 3117 659 3196 πολλαχῇ
690 3113 925 3200 διεσπαρμένοι
954 3117 1147 3181 κατόπταιθ

171 3299 260 3372 sen]
280 3299 322 3355 ὅτι
339 3302 365 3354 Α
421 3309 453 3357 13
472 3303 620 3360 κατέλιπεν
639 3305 715 3359 ABb
744 3306 907 3362 κατέλειπεν
922 3307 967 3359 Ba
1021 3309 1053 3356 16
1073 3299 1112 3361 εἰς

106 3371 164 3453 qdd.
182 3371 327 3462 Kieflffinss
395 3378 430 3426 24
448 3373 582 3438 πάσαςΟ
619 3385 688 3431 πᾶσι
708 3377 830 3446 Sylburg
866 3377 955 3430 άπαοι
974 3390 997 3427 ο.
1017 3371 1112 3424 Kiess·

106 3440 162 3513 hng
233 3446 304 3499 276
335 3443 412 3499 ABa
447 3442 478 3500 δὲ
497 3446 543 3501 Bb
