2400 3848
12 119 79 185 248
441 124 605 174 -Ε-

13 282 76 349 ὅσα
103 282 220 367 ηξίουν
247 280 323 369 περὶ
349 284 410 349 τὸν
436 282 552 368 ἕτερον
577 282 769 370 ὑπάρχοντα
796 294 867 350 τῶν
897 284 1037 350 ὑπάτων

17 393 119 455 Τῖτον
150 391 315 474 Λάρκιον·
357 390 375 456 ὁ
403 391 466 475 γάρ
495 393 652 468 Κλοίλιος
684 390 721 456 ἐν
747 400 820 467 ταῖς
846 396 1035 468 πολιτικαῖς

14 499 140 581 χρείαις
168 497 331 581 διάφορος
358 497 406 561 ὢν
433 497 471 561 τὸ
498 497 701 582 δραστήριον
722 495 779 563 καὶ
802 500 1034 582 φιλοπόλεμον

14 602 76 667 ούκ
99 597 198 687 εἶχεν,
222 601 304 668 ούδέ
323 626 361 687 γε
384 604 421 668 τὸ
445 603 582 687 ἀρχικὸν
603 599 660 667 καὶ
682 605 843 689 φοβερόν,
867 600 943 668 ἀλλ’
965 602 1030 668 ἐπι-
1132 642 1164 651 -

1 708 103 791 ἐικης
130 710 274 794 τιμωρὸς
300 703 344 791 ην
372 719 440 774 τῶν
463 708 711 775 ἀπειθούντων·
744 705 829 792 ἡδὲ
851 710 961 793 βουλὴ
986 702 1028 773 δι’
1136 699 1161 722 ‘

13 816 174 899 αίσχύνης
205 814 394 899 ἐλάμβανον
426 823 487 879 τοῦ
520 810 582 898 μὲν
609 813 795 899 ἀφελέσθαι
821 815 885 898 την
914 815 1030 902 ἀρχήν,

13 920 56 1004 ἣν
79 922 162 986 κατά
185 923 264 998 τοὺς
286 923 412 1005 νόμους
435 915 512 1005 εἶχε,
534 928 580 1008 τῷ
605 917 642 986 δέ
665 922 872 1006 χαρίσασθαι
890 922 954 1005 τὴν
971 921 1030 1007 ἀμ-

14 1027 167 1113 φοτέρων
195 1027 365 1108 ἐξουσίαν,
393 1030 528 1111 μείζονα
550 1029 726 1110 βασιλικοῦ
749 1030 918 1112 σχήματος
938 1051 1031 1112 γινο-

14 1133 132 1219 μένην·
164 1136 223 1197 καί
248 1156 281 1197 τι
309 1131 363 1199 καὶ
394 1131 470 1209 δέος
497 1132 603 1217 αὐτὴν
630 1131 744 1219 ὑπῄει,
774 1133 819 1218 μη
846 1133 1030 1219 βαρελανὸ

17 1241 174 1315 Κλοίλιος
209 1238 417 1323 ἡγησάμενος
452 1241 514 1323 την
547 1238 730 1318 ἀπαξίωσιν
762 1248 820 1323 τῆς
852 1239 957 1327 ἀρχῆς
988 1241 1032 1318 ὡς

12 1341 234 1429 ἠτιμασμένος
267 1344 332 1410 ὑπὸ
365 1353 423 1428 της
455 1348 579 1430 βουλῆς
610 1348 721 1411 ἔπειτα
753 1351 938 1431 μεταθῆται
969 1347 1032 1430 την

12 1453 208 1536 προαίρεσιν
236 1459 297 1515 τοῦ
325 1453 402 1534 βίον
425 1461 486 1517 τοῦ
510 1453 619 1536 δήμου
641 1455 822 1537 γενόμενος
843 1453 1200 1538 mamma·

11 1555 68 1622 καὶ
94 1557 202 1622 πάντα
230 1555 399 1643 ἀνατρέψη
423 1559 463 1622 τά
485 1557 591 1623 κοινά.
637 1557 849 1642 αἰδουμένων
873 1554 905 1623 δ’
929 1558 1030 1624 ἁπάν-
1131 1583 1170 1596 ·‘

13 1687 92 1747 των,
117 1662 138 1727 ά
161 1673 369 1748 φρονοῦντες
392 1662 585 1747 ἐτύγχανον,
610 1665 657 1740 είς
680 1662 783 1747 μέσον
801 1662 958 1751 ἐκφέρειν
975 1663 1030 1731 καὶ
1135 1647 1167 1712 5

1 1768 109 1856 ’μέχρι
136 1775 264 1835 πολλοῦ
291 1778 389 1834 τοῦτο
412 1770 603 1834 ποιούντων
627 1768 645 1834 ὁ
668 1769 896 1852 πρεσβύτατός
917 1793 953 1836 τε
975 1769 1030 1837 ιωιὶ
1140 1750 1172 1817 5

12 1878 208 1962 τιμιώτατος
235 1887 302 1941 τῶν
329 1876 498 1941 ὑπατικῶν
525 1876 663 1960 γνώμην
686 1873 895 1959 ἀπεδείξατο,
924 1873 970 1941 δι’
991 1872 1030 1961 ἧς

14 1981 225 2069 ἀμφοτέρους
254 1982 291 2048 έν
319 1987 374 2067 ίση
403 1989 480 2067 τιμῇ
503 1985 583 2059 τοὺς
605 1981 753 2058 ὑπάτους
775 1979 927 2065 φυλάξας
948 1977 1026 2069 παρ’

13 2090 125 2155 αὐτῶν
149 2090 285 2155 ἐκείνων
308 2089 367 2153 τὸν
390 2087 655 2172 ἐπιτηδειότερον
673 2089 788 2171 άρχειν
806 2086 936 2172 εὕρετο·
965 2091 1029 2174 ἔφη

13 2198 77 2283 γάρ
105 2197 195 2284 αύτῷ
223 2197 350 2277 δοκεῖν,
379 2193 492 2278 ἐπειδὴ
515 2195 552 2259 τὸ
577 2191 638 2278 μέν
660 2202 718 2277 τῆς
741 2193 843 2278 ἀρχῆς
865 2194 1029 2280 κράτοςῆ
1156 2175 1181 2196 ⁸

13 2324 48 2368 τε
76 2303 182 2386 βουλὴ
213 2301 371 2385 διέγνωκε
398 2296 454 2365 καὶ
481 2298 499 2364 ὁ
529 2301 632 2383 δῆμος
659 2297 864 2382 ἐπεψήφικεν
891 2298 944 2365 ἑνὶ
974 2302 1029 2367 δο·

12 2415 133 2493 θῆναι,
160 2408 222 2473 δύο
247 2404 284 2471 δέ
307 2408 536 2471 καταλείπεται
558 2406 682 2488 βουλῆς
704 2401 759 2468 καὶ
782 2406 967 2489 φροντίδος
988 2406 1030 2472 ού

13 2525 132 2601 μικρᾶς
151 2515 303 2598 δεόμενα,
324 2515 374 2589 τίς
392 2511 410 2577 ὁ
429 2513 708 2596 παραληψόμενος
725 2511 786 2594 την
806 2512 1029 2597 ίσοτύραννον

13 2618 119 2703 ἀρχὴν
131 2623 221 2684 ἔσται
237 2616 292 2684 καὶ
306 2619 371 2684 ὑπὸ
382 2621 473 2694 τίνος
485 2613 698 2701 ἀποδειχθεὶς
709 2615 861 2695 ἐξουσίας
871 2622 1029 2704 νομίμου,

14 2724 51 2789 έκ
73 2737 141 2790 τῶν
163 2728 236 2789 τότε
261 2727 369 2791 ὄντων
392 2725 529 2789 ὑπάτων
551 2723 611 2788 τὸν
633 2721 764 2806 ἕτερον,
788 2730 853 2788 είτε
876 2745 1030 2810 παραχω-

86 2957 101 3004 3
126 2949 282 3019 ἀρεταΐςΟ
311 2952 418 3019 χρείαις
436 2950 582 3020 Kiessling
689 2949 746 3018 δὴ
770 2947 802 3005 δὲ
827 2949 928 3041 βουλὴ,
957 2967 1029 3020 quw

13 3022 101 3077 verba
125 3019 189 3074 add
215 3021 277 3086 Bb,
305 3021 384 3075 uncis
412 3021 530 3076 inclusit
555 3020 621 3075 Kies
611 3019 699 3090 sling
727 3023 756 3074 et
783 3038 808 3076 v.
828 3028 844 3076 6
869 2992 928 3076 ἐλά
958 3041 1028 3079 ανον

13 3090 128 3162 εοεὶμεὶλ
151 3087 200 3146 ἐλά
181 3091 372 3214 ααῷνεΟ
399 3094 573 3181 8βαιῷσλικ
552 3091 717 3162 ωσχάματι
736 3093 758 3146 0
777 3108 846 3146 corr.
867 3092 938 3162 Step
959 3109 1027 3148 anus

13 3163 172 3226 9δὲουςο.
235 3162 293 3231 ugk
314 3166 317 3231 Ι
339 3162 428 3230 αὐτὴν
446 3163 472 3215 A
508 3148 595 3217 αὐτού
597 3162 651 3225 ςΒ
743 3169 775 3218 12
794 3165 961 3234 προαίρεσιν
978 3172 1028 3219 τοῦ

13 3235 105 3307 δήμου
123 3235 149 3289 Α
184 3236 348 3304 προαίρεσιν
371 3241 420 3287 τού
440 3235 503 3322 βίου
440 3232 613 3305 βδήμου
631 3233 654 3286 Β
671 3236 677 3302 Ι
692 3184 880 3357 γινύχιενοςο
899 3234 1028 3290 ΗοελΙοίω

11 3307 130 3362 Hermes
148 3305 218 3376 Xp.
234 3312 287 3360 414
380 3311 467 3357 18v
437 3323 467 3358 ευ
453 3302 534 3374 ροτο
558 3305 584 3357 Α
621 3303 722 3370 εὕρατο
805 3303 947 3375 εύρετοΟ
983 3304 1028 3360 εύ-

14 3378 141 3448 ροντοΒ
216 3383 247 3432 19
267 3377 341 3450 αύτῷ
362 3374 413 3429 ΑΒ
