2414 3840
503 169 668 218 ,Ε-

79 333 294 405 κατακλινοῦς
325 326 367 394 ού
395 328 530 413 σφόδρα
553 326 685 414 ἐχυροῦ.
732 323 803 392 κατ’
826 327 927 412 ἀρχάς
950 324 1011 412 μδν
1035 323 1097 393 οὖν

16 444 18 453 “
85 431 124 498 δι’
137 435 308 519 εὐλαβείας
326 429 418 519 εἶχον
437 434 601 519 ἀλλήλους
619 433 769 521 ἑκάτεροι
787 436 842 498 καδ
861 433 965 518 μάχης
984 434 1098 518 ἀρχειν

91 539 253 627 διαβάντες
274 543 336 607 τὸν
358 543 509 626 ποταμὸν
533 542 676 624 ὤκνουν,
700 543 811 629 χρόνῳ
836 537 868 605 δ’
891 541 1032 626 ὕστερον
1057 541 1097 606 ού

96 650 164 714 κατὰ
188 650 352 733 λογισμὸν
378 645 435 714 καὶ
462 650 627 734 πρόνοιαν
654 656 715 712 τοῦ
743 647 988 735 συμφέροντος,
1019 645 1093 713 ἀλλ’

100 749 143 819 ὑπ’
161 755 259 842 ἀργῆς
286 778 323 821 τε
349 753 406 820 καὶ
434 757 641 840 φιλονεικίας
664 753 867 839 ἐξαφθέντες
890 755 1123 821 συνάπτουσιν

103 861 194 947 μάχην.
230 863 454 949 ὑδρευόμενοι
475 863 540 948 γάρ
562 859 618 927 καὶ
640 864 720 939 τοὺς
744 861 865 938 ἵππους
884 863 1022 946 ἀγοντες
1044 860 1133 928 έπὶθ

28 952 37 961 ’
103 964 145 1033 τδν
166 972 269 1036 πότον
297 966 474 1052 ἐνέβαινον
501 967 554 1033 έπδ
577 971 664 1034 πολὺ
686 977 748 1034 τοῦ
771 976 935 1052 ποταμοῦ·
972 971 1098 1053 βραχὺς

100 1065 127 1131 δ’
151 1077 234 1161 ἔρρει
256 1083 440 1160 τηνικαῦτα
463 1075 556 1140 ούπω
579 1085 650 1152 τοῖς
671 1084 872 1160 χειμερινοῖς
894 1075 995 1139 ύδασι
1017 1080 1096 1157 πλη-

92 1178 191 1266 θύων,
219 1177 299 1248 ὥστ’
321 1181 437 1266 ὀλίγον
464 1178 549 1268 ὑπὲρ
576 1192 638 1248 τοῦ
665 1184 807 1265 γόνατος
835 1185 966 1266 ἔχοντες
994 1181 1096 1247 αὐτὸν

83 1277 305 1376 ἐπεραιοῦντο.
339 1294 530 1374 συμπλοκῆς
549 1290 591 1373 δή
609 1312 701 1367 τινος
718 1301 852 1376 πρῶτον
871 1289 997 1374 ὀλίγοις
1015 1291 1098 1377 πρὸς
1112 1308 1138 1349 10

77 1392 131 1458 (σύ
151 1398 294 1474 πολλοὺς
321 1394 503 1480 γινομένης
524 1394 707 1481 ἐξέδραμόν
730 1418 819 1475 τινες
842 1396 1098 1483 ἐπικουροῦντες

67 1510 152 1579 τοῖς
185 1502 360 1588 σφετέροις
391 1502 425 1582 ἐξ
458 1501 616 1588 ἑκατέρου
647 1504 805 1588 χάρακος·
852 1501 958 1569 ἔπειθ’
991 1503 1097 1588 ἕτεροι

61 1608 181 1674 πάλιν
199 1608 407 1693 ἀμυνοῦντες
424 1619 495 1686 τοῖς
512 1608 785 1695 κατισχυομένοις
804 1609 840 1675 ἐκ
858 1610 1019 1695 θατέρου·
1043 1609 1097 1675 καὶ

60 1713 155 1781 tot}
171 1713 234 1802 μὲν
253 1717 288 1782 οί
296 1712 451 1801 Ῥωμαῖοι
464 1718 544 1793 τοὺς
557 1718 729 1800 Σαβίνους
743 1714 944 1781 ἀνέστελλον
958 1716 1022 1781 ἀπὸ
1037 1726 1097 1781 τοῦ

16 1813 240 1907 Μνάματος,
264 1818 339 1887 τοτέ
363 1816 397 1887 δ’
425 1822 460 1887 οί
479 1825 624 1905 Σαβῖνοι
646 1825 725 1900 τοὺς
743 1819 926 1907 Ῥωμαίους
948 1821 1097 1907 ἐξεῖργον
1112 1840 1137 1881 15

58 1937 144 1994 τοῦ
166 1938 326 2015 ποταμοῦ.
372 1933 506 1995 πολλῶν
535 1925 572 1994 δδ
600 1932 718 2014 φόνων
743 1927 799 1995 καὶ
824 1929 1023 2015 τραυμάτων
1046 1931 1134 2013 γε-3

64 2035 234 2120 νομένων
256 2034 314 2102 καὶ
336 2039 543 2121 φιλονεικίας
565 2036 690 2102 άπασιν
709 2036 925 2123 ἐμπεσούσης,
950 2028 1004 2101 οἷα
1023 2035 1098 2120 περὶ

70 2142 144 2218 τάς
174 2143 353 2228 ἁψιμαχίας
384 2144 442 2220 τὰς
474 2143 510 2209 ἐκ
535 2151 656 2227 καιροῦ
684 2144 917 2228 συμπεσούσας
942 2146 1099 2227 γίνεσθαι

78 2253 183 2335 φιλεῖ,
205 2252 381 2337 προθυμία
403 2260 473 2328 τοϊς
496 2249 636 2335 ἡγεμόσι
659 2260 727 2316 τῶν
746 2247 980 2336 στρατοπέδων
1000 2249 1098 2334 ὁμοία

86 2354 225 2442 παρέστη
255 2359 443 2440 διαβαίνειν
464 2358 526 2423 τὸν
548 2360 708 2443 ποταμόν.
755 2359 885 2440 ἔφθασε
909 2352 946 2420 δέ
969 2337 1138 2450 πρωτοςξ0

92 2456 194 2530 δτῦν
212 2459 384 2549 Ῥωμαίων
410 2464 536 2541 ύπατος
563 2461 619 2529 καὶ
648 2463 846 2548 διαβιβάσας
872 2454 933 2529 τόν
956 2464 1098 2550 στρατὸν

99 2564 138 2630 ἔτι
151 2582 213 2636 τῶν
228 2573 391 2653 Σαβίνων
408 2570 635 2656 ὁπλιζομένων
651 2595 686 2636 τε
702 2569 757 2635 καὶ
772 2574 819 2648 είς
832 2569 926 2649 τάξιν
939 2575 1098 2636 καθιστα-

16 2702 18 2713 ·
102 2670 192 2748 μόνον
209 2678 248 2744 ἐν
266 2674 380 2762 χερσίν
398 2673 449 2761 ἦν.
486 2677 526 2743 οὐ
545 2679 611 2762 μὴν
633 2676 817 2763 ἐμέλλησάν
835 2673 866 2761 γ’
885 2674 959 2742 οὐδ’
977 2677 1098 2744 ἐκεῖνοι

101 2775 207 2850 θέσθαι
235 2784 358 2870 μάχην,
390 2786 639 2870 καταφρονήσει
666 2789 772 2869 πολλῇ
802 2782 1019 2869 ἐπαρθέντες,
1048 2785 1099 2851 ὅτι

101 2879 163 2955 θέτε
179 2892 261 2977 πρὸς
280 2889 491 2977 ἀμφοτέρους
508 2893 587 2968 τοὺς
605 2891 752 2969 ὑπάτους
771 2891 847 2957 ούτε
866 2893 949 2978 πρὸς
967 2893 1099 2958 ἀπασαν
1113 2908 1139 2950 2⁵

98 2978 331 3083 'W‘Pmpat'mv
355 2999 500 3082 δύναμιν
524 3000 664 3082 ἔμελλον
688 2998 919 3083 ἀγωνιεῖσθαι,
942 2997 997 3063 καδ
1019 3016 1099 3084 συρ-

87 3152 635 3296 λλλιιιιλϊιιλιιι,λι,
656 3151 1097 3296 ἀθλίωθέλξει

84 3292 131 3347 '⁸8
153 3312 173 3351 ο.
192 3297 317 3352 Sintenis
335 3296 395 3352 Em.
414 3295 496 3354 Dion.
516 3299 604 3354 11120
662 3306 726 3354 6τε
745 3297 798 3368 γάρ
818 3298 840 3352 Ο
859 3296 1008 3367 ρτεοδετΒ
1065 3300 1098 3348 18

80 3338 115 3405 3³
149 3371 260 3441 καίρονς
285 3369 465 3440 συμπεσοῦσα
487 3369 511 3423 Β
540 3372 689 3442 Υἀκαίρους
712 3365 885 3439 ἐμπεσούσας
908 3367 1030 3436 Sylburg
1066 3360 1098 3420 ἐκ

75 3431 186 3507 καιροῦ
204 3441 399 3512 συμπεσούσας
416 3440 520 3496 Reiske
593 3449 627 3497 20
646 3449 757 3512 πρῶτον
777 3442 799 3495 O
818 3457 888 3495 corr.
907 3434 1011 3490 Reiske

145 3536 236 3582 Βιοιιτι.
251 3543 315 3582 Ηειι.
329 3542 362 3586 Π,
381 3553 419 3582 νυ.
434 3543 535 3584 λιοοετ.
906 3531 943 3581 ss
