2414 3840
486 230 651 314 -ΛΤ
1035 228 1079 293 35

56 388 182 476 φοράς·
213 398 283 466 τοῖς
307 384 339 453 δ’
363 387 485 454 έλάττω
508 399 576 453 τῶν
600 388 724 455 ίκανῶν
749 386 961 473 κεκτημένοις
985 389 1079 475 ἀφεί-

10 502 148 561 ι84σθαι
170 495 306 561 πάντων
329 495 491 582 ὀχληρῶν.
523 494 628 560 ἐποίει
652 490 688 560 δέ
710 486 839 561 τούτων
858 493 999 562 ἕκαστον
1017 496 1113 562 οὐκ3

56 603 138 687 άτερ
169 604 290 686 αἰτίας,
320 601 405 667 ἀλλά
425 599 658 686 πεπεισμένος,
687 601 738 667 ότι
761 610 862 667 πᾶσιν
885 601 1079 689 ἀνθρώποις

56 703 150 774 ἆθλα
185 720 253 774 τῶν
285 707 441 793 πολέμων
473 707 542 774 ἐστὶ
573 710 614 774 τά
646 711 795 794 χρήματα
826 706 882 773 καί
912 707 989 795 περὶ
1020 719 1078 794 τῆς

56 816 190 880 τούτων
222 821 375 900 φυλακῆς
402 816 545 892 ἀπαντες
571 822 837 881 κακοπαθοῦσιν·
874 815 987 902 ὀρθῶς
1015 810 1104 882 οὖνε

57 925 150 1006 ἔχειν
186 921 268 1009 ᾤετο
305 924 385 999 τοὺς
420 918 482 1006 μὲν
517 920 593 1009 περὶ
626 924 787 1006 μειζόνων
818 922 1079 1000 κινδυνεύοντας

57 1029 178 1093 άθλωυ
197 1030 350 1112 μείζονας
367 1026 549 1113 ὑπομένειν
567 1029 792 1105 κακοπαθείας
809 1036 880 1105 τοῖς
897 1050 933 1093 τε
947 1029 1078 1112 σώμασι

56 1131 114 1199 καί
138 1125 208 1211 τοῖς
230 1137 390 1221 χρήμασι,
414 1136 492 1212 τοὺς
515 1130 554 1200 δὲ
575 1132 650 1220 περὶ
674 1132 859 1200 ἐλαττόνων
882 1128 982 1217 ηττον
1005 1135 1077 1200 ἐνο-

56 1245 215 1324 χλεῖσθαι
236 1237 308 1306 κατ’
331 1240 518 1327 ἀμφότερα,
541 1243 621 1319 τοὺς
644 1237 681 1306 δέ
704 1239 777 1329 περὶ
802 1242 945 1326 μηδενὸς
969 1243 1077 1307 δεδοι-

56 1350 158 1425 κότας
185 1345 291 1432 μηδὲν
317 1353 539 1432 κακοπαθεῖν,
567 1358 634 1413 τῶν
658 1344 719 1433 μὲν
742 1350 911 1434 εἰσφορῶν
934 1348 1076 1414 ἀπολυο-
1091 1370 1117 1408 10

57 1452 182 1536 μένους
212 1455 269 1520 διά
295 1456 357 1538 την
386 1454 543 1540 ἀπορίαν,
573 1464 641 1520 τῶν
670 1451 707 1520 δὲ
731 1466 912 1540 στρατειῶν
936 1456 991 1520 διά
1014 1456 1077 1539 την

57 1559 291 1646 ἀνεισφορίαν.
327 1561 369 1626 οὐ
391 1562 455 1645 γάρ
479 1560 668 1646 ἐλάμβανον
686 1560 723 1626 έκ
740 1570 801 1625 τοῦ
819 1562 984 1646 δημοσίου
1002 1565 1076 1627 τότε

54 1662 212 1750 Ῥωμαῖοι
240 1670 496 1753 στρατιωτικοὺς
518 1668 677 1753 μισθούς,
706 1667 789 1731 ἀλλά
812 1677 882 1743 τοίς
905 1669 1004 1744 ίδίοις
1025 1668 1076 1733 τέ-

57 1778 154 1839 λεσιν
188 1771 434 1859 ἐστρατεύοντο.
478 1773 555 1839 οὔτε
587 1774 628 1856 δη
661 1776 811 1858 χρήματα
843 1771 1112 1858 συνεισφέρεινλ-

57 1882 139 1957 τοὺς
167 1879 231 1945 οὐκ
258 1882 409 1964 ἔχοντας,
437 1881 565 1946 ὁπόθεν
588 1881 873 1962 συνεισοίσουσιν,
903 1878 985 1944 ἀλλά
1007 1890 1075 1945 τῶν
1089 1899 1115 1939 15

10 1983 140 2059 ἀπανθ’
163 1983 290 2072 ἡμέραν
308 1986 499 2070 ἀναγκαίων
518 1984 770 2071 ἀπορουμένους
788 1986 870 2074 ᾤετο
891 1987 974 2071 δεῖν,
998 1987 1075 2052 οὔτε

58 2089 167 2178 μηδὲν
205 2091 501 2177 συμβαλλομένους
539 2094 783 2178 στρατεύεσθαί
815 2117 908 2170 τινας
940 2091 976 2158 ἐκ
1007 2104 1075 2158 τῶν

57 2199 246 2286 ἀλλοτρίων
279 2196 569 2284 ὀψωνιαζομένους
601 2199 791 2286 χρημάτων,
825 2200 934 2284 ὥσπερ
968 2200 1072 2280 [τοὺς]

57 2306 302 2390 μισθοφόρους.

124 2412 197 2478 ΧΧ.
224 2415 353 2477 Τοῦτον
377 2408 414 2476 δὲ
436 2411 496 2476 τὸν
518 2412 643 2497 τρόπον
662 2411 751 2476 ἀπαν
770 2406 897 2486 ἐπιθεὶς
914 2411 952 2474 τὸ
972 2410 1075 2495 βάρος
1088 2431 1114 2471 ω

57 2530 128 2598 τοῖς
150 2520 325 2595 πλουσίοις
347 2528 414 2583 τῶν
433 2539 468 2582 τε
486 2518 657 2583 κινδύνων
674 2515 817 2583 καὶτῶν
836 2517 1073 2602 ἀναλωμάτων,

57 2627 103 2704 ῶς
134 2621 225 2691 εἶδεν
260 2624 529 2708 ἀγανακτοῦντας
558 2624 695 2708 αὐτούς,
729 2622 773 2689 δι’
800 2622 916 2710 ἑτέρου
946 2628 1074 2711 τρόπου

57 2736 118 2818 την
145 2727 178 2797 τ’
210 2731 360 2816 ἀθυμίαν
389 2730 500 2796 αὐτῶν
523 2733 782 2816 παρεμυθήσατο
805 2729 861 2797 καὶ
883 2732 945 2815 την
968 2731 1073 2815 ὀργὴν

58 2839 202 2922 ἐπράυνε
226 2837 452 2923 πλεονέκτημα
476 2836 721 2923 δωρησάμενος,
745 2836 778 2916 ἐξ
798 2833 839 2904 οὗ
857 2838 963 2921 πάσης
981 2841 1073 2922 ἔμελ-

57 2951 117 3012 λον
146 2954 205 3028 τῆς
227 2947 394 3021 πολιτείας
417 2947 553 3010 ἔσεσθαι
576 2945 701 3029 κύριοι,
729 2947 809 3022 τοὺς
829 2945 973 3029 πένητας
996 2945 1072 3010 ἀπε-
1086 2961 1112 3002 25

58 3052 160 3129 λάσας
178 3050 243 3115 ἀπὸ
262 3059 329 3114 τῶν
347 3059 484 3116 κοινῶν·
508 3047 564 3114 καὶ
581 3059 680 3115 τοῦτο
696 3050 958 3137 διαπραξάμενος
971 3053 1072 3117 ἔλαθε

129 3216 142 3262 1
168 3204 361 3276 τετιμημένοις
384 3205 407 3261 0
462 3204 642 3277 κεκτημένοις
665 3205 754 3261 Cobet
777 3208 842 3264 obs.
866 3228 893 3279 p.
912 3214 947 3264 80
1039 3213 1070 3258 11

56 3287 109 3334 τῶν
125 3277 159 3334 δὲ
175 3310 209 3318 -
225 3275 362 3347 είσφοράν
377 3296 430 3334 om.
445 3278 470 3331 A
506 3277 643 3348 είσφοράν
659 3277 680 3331 0
718 3280 904 3405 ἀνεισφοὸίαν
919 3294 942 3331 ο.
957 3277 1072 3328 Fischer

56 3349 89 3405 de
108 3349 224 3419 aliquot
241 3346 313 3401 loeis
330 3347 409 3405 Dion.
427 3355 495 3404 1859
514 3368 541 3419 p.
558 3356 590 3404 12
655 3355 688 3402 14
708 3350 771 3405 οότε
790 3348 822 3405 δὲ
879 3365 947 3404 corr.
967 3343 1070 3397 Reiske

89 3427 123 3477 18
142 3421 210 3482 τοὺς
235 3418 293 3472 del.
316 3417 402 3475 Cobet
425 3421 490 3476 Obs.
509 3439 536 3489 p.
552 3426 585 3474 80
676 3427 709 3474 22
730 3423 791 3476 ίδεν
813 3421 860 3474 Βε.
896 3415 971 3473 εἶδεν
993 3411 1070 3465 ABb

88 3500 123 3547 25
144 3487 341 3552 ἀπελάσαντες
359 3491 380 3546 0
399 3510 468 3547 corr.
490 3490 612 3573 Sintenis
632 3490 692 3546 Em.
710 3491 795 3547 Dion.
811 3491 842 3545 Π
858 3498 894 3546 23

246 3577 248 3580 .
885 3581 926 3640 Β*
