2414 3840
510 200 673 248 -Δ-
1063 194 1104 258 15

86 363 129 446 μή
162 356 195 444 γ’
231 361 295 445 ἀρα
328 361 420 444 γόνῳ
451 354 512 442 μὲν
539 352 625 440 ήσαν
652 354 772 422 υίωνοὶ
799 365 860 421 τοῦ
888 354 1049 439 βασιλέως
1072 357 1107 422 οί

86 467 221 548 παῖδες,
244 467 376 548 ποιήσει
402 460 433 528 δ’
459 464 538 547 υίοί,
561 461 616 528 καὶ
639 459 729 528 τοῦτ’
750 458 794 546 ήν
817 468 925 528 αίτιον
948 470 1005 546 τῆς
1023 462 1104 527 ἀπά-

85 596 145 656 της
169 581 240 648 τοῖς
264 573 378 648 ἀλλοις
401 571 502 635 ἀπασι
524 581 595 646 τοῖς
617 568 829 652 συγγράψασι
853 570 910 646 τὰς
923 564 1104 653 Ῥωμαϊκὰς

88 680 247 762 ίστορίας.
284 676 535 763 προειρημένων
564 676 605 758 δή
633 676 762 740 τούτων
789 677 903 760 καιρὸς
926 675 1104 758 ἐπανάγειν

87 782 142 850 ἐπὶ
165 785 228 867 τήν
251 782 517 868 ἀπολειπομένην
541 784 745 865 διήγησιν.)
1117 798 1130 838 ι

108 898 129 954 θ
157 889 249 955 VIII.
284 887 417 972 Ἐπειδὴ
451 885 487 954 δὲ
515 888 718 973 παραλαβὼν
747 888 808 970 τήν
837 887 1017 973 ἐπιτροπήν
1043 898 1100 972 τῆς

87 1000 260 1079 βασιλείας
286 996 305 1061 δ
334 998 474 1071 Τύλλιος
499 992 555 1060 καὶ
583 979 644 1078 τήν
673 992 820 1080 ἑταιρίαν
847 1005 916 1058 τῶν
938 997 1103 1078 Μαρκίων

88 1102 244 1180 ἐξελάσας
266 1104 408 1185 βεβαίως
430 1102 494 1184 ήδη
517 1109 575 1183 τῆς
598 1100 700 1184 ἀρχῆς
724 1099 852 1184 ἐνόμιζε
873 1110 1019 1185 κρατεῖν,
1044 1102 1102 1163 τόν

86 1232 121 1273 τε
147 1207 286 1291 βασιλέα
304 1208 503 1293 Ταρκύνιον,
528 1208 573 1284 ὡς
595 1206 631 1272 ἐκ
653 1218 720 1272 τῶν
742 1207 940 1292 τραυμάτων
957 1211 1103 1272 τετελευ-

86 1317 210 1397 τηκότα
239 1316 392 1398 ἔναγχος,
421 1313 577 1398 ἐκκομιδῇ
601 1336 637 1378 τε
659 1318 836 1378 πολυτελεῖ
855 1310 910 1379 καὶ
933 1316 1102 1398 μνήματος
1116 1330 1142 1369 1⁰

88 1420 254 1504 ἐπισήμου
271 1428 455 1504 κατασκευῇ
473 1417 528 1484 καὶ
544 1429 617 1495 ταῖς
633 1420 749 1496 ἀλλαις
763 1430 873 1503 τιμαῖς
887 1419 1028 1505 ἐκόσμει,
1047 1418 1102 1486 καὶ

87 1529 148 1591 τὸν
163 1525 197 1604 ἐξ
212 1524 342 1591 ἐκείνου
355 1528 480 1611 χρόνον
496 1526 540 1602 ὡς
554 1524 730 1610 ἐπίτροπος
744 1525 791 1589 ὢν
805 1535 872 1590 τῶν
887 1525 922 1590 ἐκ
935 1535 996 1590 τοῦ
1010 1529 1103 1610 βασι-

37 1636 188 1704 οσ4λείου
212 1631 333 1715 γένους
355 1633 486 1696 παίδων
508 1634 569 1697 τόν
591 1627 620 1695 τ’
647 1633 736 1697 ίδιον
759 1632 870 1696 αὐτῶν
894 1635 970 1714 βίον
988 1630 1044 1697 καλ
1062 1635 1102 1697 τά

86 1741 186 1804 κοινά
207 1739 383 1824 πράγματα
405 1748 463 1822 τῆς
482 1741 609 1815 πόλεως
628 1740 684 1802 διὰ
703 1742 854 1822 φυλακῆς
871 1761 906 1803 τε
924 1737 979 1803 καὶ
998 1761 1102 1823 φρον-

85 1847 180 1921 τίδος
203 1844 353 1910 ἐποιεῖτο.
391 1855 461 1921 τοῖς
485 1841 522 1909 δὲ
539 1847 725 1930 πατρικίοις
744 1843 805 1909 οὐκ
823 1840 866 1928 ήν
883 1846 924 1909 τά
941 1823 1143 1936 γινόμεναΞ,

85 1949 166 2017 καθ’
186 1951 321 2035 ἡδονάς,
340 1945 413 2015 ἀλλ’
430 1951 641 2033 ἠγανάκτουν
659 1950 714 2016 καὶ
732 1956 881 2036 χαλεπῶς
899 1954 1022 2038 ἔφερον
1041 1952 1103 2017 οὐκ

87 2058 258 2136 ἀξιοῦντες
286 2057 389 2122 αὐτὸν
416 2055 522 2145 ἑαυτῷ
545 2081 620 2123 τινα
644 2061 902 2142 μηχανήσασθαι
925 2060 1101 2142 βασιλικήν

86 2164 258 2246 ἐξουσίαν,
286 2167 366 2248 μήτε
393 2167 518 2248 βουλής
540 2163 775 2249 ψηφισαμένης
797 2167 877 2249 μήτε
900 2176 968 2231 τῶν
991 2167 1102 2230 ἀλλων
1134 2238 1145 2258 ⁰

85 2282 153 2335 τῶν
177 2272 259 2336 κατὰ
282 2273 389 2354 νόμον
413 2268 702 2336 ἐπιτελεσθέντων.
736 2274 909 2346 συνιόντες
926 2293 961 2335 τε
980 2271 1101 2334 πολλά-

85 2364 138 2453 κις
165 2376 201 2441 οί
224 2380 382 2440 πλεῖστον
408 2375 441 2453 ἐξ
465 2376 577 2441 αὐτῶν
600 2378 783 2461 δυνάμενοι
806 2375 995 2459 διελέγοντο
1018 2377 1100 2461 πρὸς
1115 2394 1141 2434 το

86 2483 251 2565 ἀλλήλους
278 2480 353 2568 περὶ
378 2491 436 2566 τής
458 2484 666 2560 καταλύσεως
689 2493 747 2568 τής
769 2486 965 2568 παρανόμου
990 2483 1101 2569 ἀρχῆς,

85 2586 141 2653 καὶ
169 2588 278 2653 ἐδόκει
306 2587 434 2671 αὐτοῖς,
463 2587 597 2655 ἐπειδάν
623 2600 756 2675 πρῶτον
784 2591 831 2667 είς
861 2591 898 2655 τὸ
922 2589 1101 2676 συνέδριον

85 2695 150 2760 ὑπὸ
169 2703 232 2759 τοῦ
250 2697 395 2759 Τυλλίου
414 2693 618 2778 ἀναχθῶσιν,
638 2695 822 2780 ἀναγκάσαι
840 2697 900 2761 τὸν
919 2697 1026 2783 ἀνδρα
1044 2701 1101 2774 τάς

86 2801 234 2886 ῥάβδους
258 2799 449 2865 ἀποθέσθαι
471 2799 526 2866 καλ
549 2803 589 2866 τά
613 2803 712 2867 λοιπδ
734 2812 791 2886 τής
814 2802 916 2887 ἀρχῆς
935 2805 1099 2888 σύμβολα·

86 2907 168 2972 ὅταν
191 2903 229 2971 δέ
249 2915 347 2972 τοῦτο
365 2905 511 2991 γένηται,
530 2910 609 2984 τοὺς
625 2907 853 2993 καλουμένους
871 2913 1101 2994 μεσοβασιλεῖς
1114 2920 1139 2963 ²⁵

84 3012 258 3090 ἀποδεῖξαι
289 3011 346 3078 καὶ
377 3011 421 3078 δι’
448 3013 585 3079 ἐκείνων
619 3012 755 3079 ἑλέσθαι
785 3017 844 3080 τὸν
873 3015 1015 3102 ἄρξοντα
1043 3027 1100 3101 τής

155 3238 319 3294 ῖτοῦτοΒ
394 3238 653 3311 ῖθπολειπομὲνην
676 3258 699 3295 ο.
724 3242 882 3311 Stephanus
960 3239 1026 3296 σδλ
1045 3257 1098 3293 om.

83 3311 105 3363 B
180 3316 275 3363 9τῶν
295 3324 347 3388 om.
366 3311 419 3365 AB
501 3318 533 3366 15
552 3308 693 3381 γενόμενα
711 3330 733 3368 ο.
754 3313 898 3382 Kiessling
980 3315 1016 3394 23,
1034 3325 1099 3362 συν·

82 3385 215 3522 {gom
232 3394 260 3499 ρ
279 3377 380 3436 Re1ske
395 3389 400 3454 Ι
415 3383 465 3447 τάς
483 3403 512 3438 τε
532 3379 656 3454 ῥάβδους
674 3400 697 3441 ο.
716 3383 859 3450 Kiessling
902 3386 936 3435 26
956 3377 1006 3445 δ<ι
1021 3376 1040 3447 >
1058 3378 1096 3448 B!
