2414 3840
516 176 675 227 ,ς-

157 334 280 400 XVIII.
309 330 452 417 Ὀλίγαις
479 331 510 399 δ’
537 335 679 419 ὕστερον
707 332 845 419 ἡμέραις
866 334 1020 421 πρέσβεις
1042 336 1105 403 ἀπὸ

88 449 150 507 τοῦ
177 450 296 507 κοινοῦ
321 451 389 505 τῶν
412 445 569 507 Λατίνων
592 437 674 525 ηκον
697 441 742 518 ὡς
765 441 888 519 αὐτοὺς
911 442 943 521 έξ
967 441 1105 508 ἀπασῶν

34 558 156 616 οῖοτῶν
179 550 309 612 πόλεων
328 545 556 631 ἐπιλεχθέντες
575 548 610 612 οί
625 548 687 631 την
706 547 862 613 ἐναντίαν
882 551 1012 633 ἔχοντες
1029 547 1105 634 περὶ

87 662 149 719 τοῦ
172 653 320 738 πολέμου
343 653 490 737 γνώμην,
515 653 680 737 ἱκετηρίας
702 651 758 718 καὶ
781 652 947 739 στέμματα
966 658 1104 740 προεχό-

88 783 193 843 μενοι.
235 754 330 824 οὗτοι
356 758 584 844 παραχθέντες
613 757 665 824 έπλ
692 760 754 842 την
781 763 923 844 βουλήν,
954 762 1016 845 την
1043 759 1126 846 μένε

88 864 196 949 ἀρχὴν
222 874 283 929 τοῦ
311 864 458 950 πολέμου
486 867 566 942 τοὺς
594 866 859 943 δυναστεύοντας
886 865 923 932 έν
950 878 1022 944 ταῖς
1044 871 1103 934 πό-

88 976 182 1036 λεσιν
201 969 388 1054 ἀπέφαινον
407 973 549 1047 αἰτίους·
573 972 610 1036 τδ
630 968 667 1035 δὲ
685 976 814 1054 πλῆθος
833 973 870 1036 έν
884 973 990 1057 μόνον
1002 983 1102 1038 τοῦτο

88 1076 247 1162 ἁμαρτεῖν
280 1079 411 1160 έλεγον,
445 1078 495 1141 ὅτι
527 1085 688 1164 πονηροῖς
720 1075 859 1162 ἐπείσθη
892 1079 1103 1162 δημαγωγοῖς

88 1184 159 1247 ίδια
180 1181 283 1267 κέρδη
306 1181 636 1267 παρεσκευασμένοις.
682 1184 804 1265 ταύτης
826 1180 864 1248 δὲ
886 1192 943 1267 τῆς
966 1183 1138 1269 ἀπάτης,2

88 1289 125 1354 ἐν
153 1279 175 1374 ᾖ
202 1290 240 1353 τὸ
269 1293 385 1354 πλεῖον
412 1289 558 1372 ἀνάγκης
580 1288 680 1374 μέρος
702 1285 761 1373 ἦν,
789 1289 830 1356 οὐ
854 1291 999 1375 μεμπτὰς
1021 1313 1139 1356 τετι-ιο

87 1394 183 1460 κέναι
213 1397 306 1473 δίκας
329 1394 470 1478 ἑκάστην
493 1398 591 1460 πόλιν
614 1399 731 1478 ἔλεγον
754 1404 811 1479 τῆς
833 1399 1008 1481 κρατίστης
1031 1401 1103 1464 νεά-

87 1523 186 1584 τητος
217 1501 467 1587 ἀναιρεθείσης,
500 1502 583 1566 ὥστε
615 1502 658 1586 μη
692 1501 812 1587 ῥηίδιον
842 1497 928 1567 εἶναι
955 1501 1104 1581 πένθους

86 1609 242 1693 καθαράν
265 1608 376 1692 εὑρεῖν
400 1609 523 1690 οἰκίαν,
549 1606 666 1690 ἠξίουν
693 1604 722 1671 τ’
754 1606 876 1683 αὐτοὺς
897 1613 1103 1694 παραλαβεῖν

88 1722 176 1796 σφᾶς
198 1714 340 1796 ἥκοντας
363 1714 440 1779 οὔτε
463 1712 619 1798 περὶτῆς
642 1713 743 1797 ἀρχῆς
766 1714 814 1777 έτι
838 1713 1103 1797 διαφερομένους

88 1820 167 1883 οὔτε
191 1818 269 1904 περὶ
291 1830 359 1885 τῶν
383 1825 466 1884 ῖσων
489 1824 763 1903 φιλονεικοῦντας
786 1818 979 1903 συμμάχους
995 1841 1030 1884 τε
1048 1818 1139 1885 καὶιι

86 1924 258 2008 ὑπηκόους
285 1927 414 1990 ἅπαντα
441 1927 500 1990 τὸν
528 1926 647 1990 λοιπὸν
674 1927 798 2009 χρόνον
827 1923 1019 2009 έσομένους,
1047 1924 1103 1990 καλ

87 2039 155 2096 πᾶν
178 2032 260 2096 ὅσον
284 2031 302 2096 ὁ
326 2033 455 2115 δαίμων
478 2030 632 2114 ἀφείλετο
655 2039 716 2096 τοῦ
730 2033 886 2095 Λατίνων
909 2025 1101 2114 ἀξιώματος,

87 2145 186 2202 τοῦτο
205 2146 245 2222 τῇ
260 2134 428 2221 Ῥωμαίων
447 2139 704 2223 προσθησοντας
722 2137 892 2223 εὐποτμίᾳ.
923 2141 1101 2202 τελευτῶν·
1116 2141 1135 2204 3

87 2265 141 2319 τες
165 2240 201 2307 δὲ
224 2246 411 2326 τοῦλόγου
435 2240 633 2326 συγγένειαν
656 2241 876 2308 ἐπεκαλοῦντο
899 2241 955 2307 καὶ
974 2258 1101 2328 συμμα-

33 2360 171 2433 οεοχιῶν
194 2348 454 2436 ἀπροφασίστων
472 2346 551 2414 ποτέ
569 2348 760 2434 γενομένων
779 2348 1028 2433 ἀνεμίμνησκον
1045 2347 1137 2415 καίεο

88 2456 264 2539 συμφοράς
296 2452 473 2520 ἀνέκλαιον
502 2438 561 2532 τάς
589 2453 862 2538 καταληψομένας
890 2457 969 2531 τοὺς
996 2452 1101 2539 μηδὲν

87 2560 330 2647 ἡμαρτηκότας,
360 2564 396 2625 οἳ
419 2569 533 2648 μακρῷ
562 2565 696 2638 πλείους
718 2557 805 2643 ἦσαν
827 2571 895 2625 τῶν
918 2559 1101 2644 ἡμαρτηκό-

86 2688 169 2749 των,
194 2666 395 2752 ὀδυρόμενοι
417 2661 494 2751 παρ’
516 2666 636 2732 ἕκαστα
659 2664 713 2730 καὶ
736 2677 804 2731 τῶν
827 2667 979 2749 γονάτων
1002 2666 1101 2733 ἁπτό-

86 2796 181 2857 μενοι
214 2773 321 2855 πάσης
352 2781 410 2856 τῆς
441 2776 617 2857 γερουσίας
649 2770 703 2837 καὶ
734 2774 792 2849 τάς
821 2774 984 2857 ἱκετηρίας
1012 2775 1101 2859 παρδι

84 2889 155 2955 τοῖς
185 2876 264 2943 ποσὶ
293 2887 354 2943 τοῦ
383 2881 577 2963 Ποστομίου
606 2877 769 2956 τιθέντες·
807 2880 889 2944 ὥστε
918 2885 1042 2946 παθεῖν
1068 2903 1100 2946 τι
1110 2902 1135 2942 ει

85 2987 169 3069 πρὸς
196 2986 236 3048 τά
263 2985 391 3069 δάκρυα
414 2983 468 3050 καλ
491 2987 549 3062 τάς
572 2986 700 3067 δεησεις
724 2984 834 3050 αὐτῶν
858 2986 895 3050 τδ
919 2985 1099 3071 συνέδριον

84 3093 182 3156 άπαν.

157 3209 262 3267 30ίο
305 3210 351 3267 οἷα
370 3211 473 3267 Reiske
565 3210 784 3281 4προεχόμενοι
806 3212 832 3265 Α
867 3210 1099 3281 παρεχόμενοιΒ

85 3282 171 3351 ὅτὴν
196 3282 329 3406 ἀρέὴνθ
365 3291 414 3352 τῆς
432 3284 520 3352 ἀρχῆς
542 3282 646 3336 Reiske
730 3289 763 3336 14
783 3277 941 3345 ἕκόνταςΟ
978 3280 1099 3350 ἥκοντας

84 3353 210 3408 Sintenis
253 3372 290 3410 m.
309 3352 390 3408 Dion.
404 3354 431 3407 Π
446 3361 480 3408 26
564 3360 596 3408 15
615 3354 657 3424 τε]
678 3351 710 3407 δὲ
730 3352 853 3407 Sintenis
872 3352 890 3406 l.
910 3351 929 3405 l.
1003 3357 1036 3405 18
1054 3371 1099 3406 τε-

83 3430 237 3486 λευτῶντος
256 3425 278 3479 Ο
298 3440 368 3479 corr.
387 3423 490 3479 Reiske
564 3431 597 3479 22
617 3423 648 3478 αἳ
665 3424 691 3477 Α
727 3422 786 3477 &B
859 3430 894 3477 24
911 3423 971 3492 τῆς]
991 3422 1062 3476 τεΒ
