2414 3840
100 181 144 247 30
528 186 690 235 -Δ-

99 341 183 429 ὑπὲρ
215 355 284 409 τῶν
315 342 584 428 ἀπογινομένων·
622 346 670 420 είς
697 339 734 408 δὲ
761 343 821 407 τὸν
848 352 907 426 τῆς
935 346 1120 427 Νεότητος,

99 446 183 535 ὑπὲρ
215 460 282 515 τῶν
315 451 362 527 είς
394 450 521 536 ἀνδρας
552 448 746 535 ἀρχομένων
778 453 963 514 συντελεῖν·
1001 448 1035 527 ἐξ
1070 445 1121 516 ὧν

99 558 219 641 ἤμελλε
248 557 498 641 διαγνώσεσθαι
519 553 598 621 καθ’
621 555 762 621 ἕκαστον
785 556 955 638 ἐνιαυτόν,
984 556 1060 621 ὅσοι
1083 579 1120 622 τε

101 663 136 726 οί
161 663 349 746 σύμπαντες
377 658 463 746 ἦσαν
490 661 546 728 καὶ
573 666 661 740 τίνες
684 662 717 741 ἐξ
741 663 852 728 αὐτῶν
874 664 936 745 την
960 664 1120 745 στρατεύ-

65 747 200 861 (ἑσιμον
222 768 355 852 ἡλικίαν
374 764 473 854 εἶχον.
509 777 613 834 ταῦτα
635 769 925 852 καταστησάμενος
944 765 1120 835 ἐκέλευσεν

100 875 247 953 ἅπαντας
265 871 446 961 Ῥωμαίους
468 876 730 962 ἀπογράφεσθαί
749 899 785 940 τε
805 873 860 940 καὶ
878 881 1040 960 τιμᾶσθαι
1059 877 1119 954 τάς

100 981 217 1059 οὐσίας
244 985 327 1070 πρὸς
354 983 517 1069 ἀργύριον
544 982 730 1066 ὀμόσαντας
752 983 812 1046 τὸν
834 983 978 1064 νόμιμον
1001 981 1117 1067 ὅρκον,

99 1085 120 1172 ἦ
149 1085 210 1183 μέν
237 1089 368 1173 τάληθῆ
395 1087 450 1154 καὶ
473 1089 537 1153 ἀπὸ
560 1090 685 1165 παντὸς
706 1096 767 1153 τοῦ
790 1089 965 1171 βελτίστου
987 1097 1117 1172 τετιμῆ-

100 1202 196 1278 σθαι,
224 1193 377 1281 πατέρων
404 1218 439 1260 τε
467 1190 515 1260 ὧν
538 1197 603 1260 είσι
625 1197 817 1281 γράφοντας
839 1191 894 1260 καλ
916 1193 1050 1277 ἡλικίαν
1073 1193 1118 1276 ἣν

59 1318 86 1357 10
100 1303 214 1386 ἔχουσι
238 1301 424 1385 δηλοῦντας
445 1301 605 1383 γυναῖκάς
624 1323 660 1365 τε
678 1298 734 1364 καλ
751 1301 873 1376 παῖδας
891 1300 1119 1385 ὀνομάζοντας

99 1404 154 1472 καλ
181 1407 219 1472 ἐν
247 1411 315 1472 τίνι
342 1416 556 1472 κατοικοῦσιν
583 1406 716 1472 ἔκαστοι
742 1414 800 1490 τῆς
827 1408 954 1483 πόλεως
978 1406 1117 1492 <φυλῇ>

98 1513 119 1596 ἢ
148 1514 241 1602 πάγῳ
269 1522 328 1597 τῆς
354 1514 463 1599 χώρας
486 1510 743 1598 προστιθέντας·
779 1521 825 1601 τῷ
850 1509 886 1577 δὲ
910 1513 953 1597 μη
977 1529 1117 1598 τιμησα-

99 1618 188 1708 μένφ
220 1623 383 1705 τιμωρίαν
416 1621 516 1706 ὥρισε
547 1628 605 1703 τῆς
635 1615 667 1684 τ’
703 1619 820 1695 οὐσίας
852 1616 1032 1700 στέρεσθαι
1059 1618 1118 1685 καὶ

99 1727 202 1792 αὐτὸν
225 1724 479 1812 μαστιγωθέντα
502 1732 687 1813 πραθῆναι·
719 1723 775 1791 καλ
798 1723 893 1811 μέχρι
916 1730 1044 1791 πολλοῦ
1067 1728 1118 1792 δι-

59 1849 84 1890 15
99 1831 206 1917 έμεινε
228 1837 318 1921 παρά
336 1831 509 1918 Ῥωμαίοις
531 1828 629 1910 οὗτος
652 1833 670 1898 ὁ
692 1835 804 1916 νόμος.

165 1957 254 2022 XVI.
281 1957 522 2042 Τιμησαμένων
546 1955 583 2023 δὲ
603 1958 738 2022 πάντων
757 1955 934 2038 ἀναλαβὼν
952 1957 992 2020 τά
1010 1980 1117 2041 γραμ-

98 2073 215 2147 ματεῖα
241 2062 297 2129 καί
326 2065 484 2148 διαγνοὺς
510 2065 549 2128 τό
575 2086 611 2128 τε
632 2068 763 2146 πλῆθος
786 2062 897 2127 αὐτῶν
919 2059 974 2128 καλ
995 2064 1037 2128 τὰ
1060 2082 1156 2147 με-οῖ·

98 2170 183 2255 γέθη
220 2181 288 2236 τῶν
325 2172 410 2253 βίων
447 2169 644 2253 σοφώτατον
676 2168 832 2233 ἀπάντων
864 2169 1117 2254 πολιτευμάτων

99 2280 296 2363 εἰσηγήσατο
319 2274 375 2343 καί
398 2279 563 2362 μεγίστων
581 2271 740 2360 Ῥωμαίος
763 2274 903 2359 ἀγαθῶν
926 2281 1045 2359 αίτιον,
1071 2277 1117 2354 ὡς

59 2342 139 2475 220τά
161 2388 242 2472 ἔργα
266 2384 420 2468 ἐδήλωσε.
457 2385 495 2449 τὸ
520 2380 556 2448 δὲ
579 2385 761 2465 πολίτευμα
784 2383 917 2448 τοιόνδε
940 2377 996 2466 ἦν·
1033 2385 1116 2478 μίαν

99 2491 237 2575 ἀφεῖλεν
255 2490 288 2569 ἐξ
308 2490 464 2556 ἀπάντων
483 2500 615 2575 μοῖραν,
639 2482 678 2571 ἧς
695 2489 732 2552 τὸ
751 2485 908 2571 μέγιστον
928 2483 972 2571 ἦν
990 2492 1116 2574 τίμημα

98 2605 156 2680 τῆς
190 2597 306 2674 οὐσίας
340 2596 401 2662 οὐκ
433 2599 570 2661 ἔλαττον
607 2594 724 2660 ἑκατὸν
756 2604 858 2678 μνῶν.
903 2595 1044 2672 τούτους
1077 2593 1115 2660 δὲ

98 2702 263 2781 συντάξας
285 2704 332 2779 είς
355 2702 562 2785 ὀγδοήκοντα
580 2703 701 2784 λόγους
719 2701 804 2766 ὅπλα
823 2698 940 2785 φέρειν
959 2698 1114 2779 ἐπέταξεν

100 2808 241 2886 ἀσπίδας
260 2805 452 2894 Ἀργολικὰς
478 2803 533 2871 καλ
561 2807 685 2892 δόρατα
707 2804 763 2872 καλ
785 2806 890 2891 κράνη
913 2804 1035 2890 χάλκεα
1058 2806 1114 2874 καλ

59 2951 85 2992 25
98 2917 256 3003 θώρακας
287 2912 343 2980 καλ
374 2915 536 2999 κνημῖδας
563 2912 618 2978 καλ
647 2912 735 2998 ξίφη.
778 2914 898 2979 διελὼν
926 2909 959 2977 δ’
991 2913 1115 2992 αὐτοὺς

171 3169 184 3216 1
205 3159 375 3234 νε<ά>ιητος
392 3159 415 3212 Β
506 3165 522 3214 8
540 3179 597 3214 τετι
618 3157 749 3227 ῆσθαιΟ
791 3154 991 3227 τετιμήσεσθαι
1008 3158 1115 3213 Reiske

98 3232 266 3304 τιμήσεσθαι
284 3230 430 3300 Kiessling
515 3238 547 3285 11
567 3250 588 3283 π
606 3226 708 3297 λεωςῆ
729 3228 751 3284 Ο
788 3248 816 3285 π.
836 3226 912 3300 τόκῳ
931 3225 948 3296 ἢ
967 3229 1063 3298 vulgO‚
1083 3250 1113 3285 π.

99 3309 173 3375 φυλῇ
191 3301 208 3372 ἢ
228 3302 372 3371 Kiessling
390 3303 504 3357 auctore
523 3300 677 3356 Bfiehelero
733 3307 766 3354 12
785 3297 985 3369 προστιθέντες
1002 3299 1028 3352 Α
1080 3307 1114 3355 18

97 3376 213 3431 πάντων
233 3374 254 3428 0
274 3392 343 3429 corr.
362 3372 508 3442 Kiessling
531 3376 535 3444 Ι
558 3375 710 3442 πολίτευμα
729 3370 818 3426 Cobet
837 3370 902 3426 obs.
921 3389 949 3439 p.
970 3376 1003 3425 79
1079 3377 1115 3426 25

97 3447 205 3514 κνήδας
221 3447 246 3500 Α
