2414 3840
100 169 167 234 ιιι
526 171 691 220 -ε-

65 332 287 415 2φιλόσοφος
309 327 365 395 καὶ
387 331 555 407 πολιτικὸς
577 329 673 415 ἀνήρ,
697 328 892 415 συγγράφω.
930 326 1099 416 εύθύςμδ

100 432 163 503 ούν
187 437 253 521 ἅμα
276 444 321 524 τῷ
344 439 549 521 παραλαβεῖν
572 436 634 519 τήν
657 434 823 517 ἐξουσίαν,
849 434 1022 521 ἱππάρχην
1039 435 1099 502 άπο

101 545 250 609 δείκνυσι
264 544 416 624 Σπόριον
429 541 593 625 Κάσσιον,
615 542 675 606 τὸν
698 542 930 607 ὑπατεύσαντα
952 542 1039 607 κατὰ
1057 543 1099 628 n)

100 648 350 734 ἑβδομηκοστήν
373 647 569 733 ὀλυμπιάδα.
607 656 706 712 τοῦτο
728 647 766 712 τὸ
785 649 867 724 ἔθος
884 646 948 724 ἕως
966 657 1026 733 τής
1044 672 1099 715 και

74 751 157 839 ῠέμὲ
185 762 301 838 γενεᾶς
329 753 528 838 ἐφυλάττετο
552 754 616 818 ὑπὸ
635 749 821 838 Ῥωμαίων,
848 751 904 820 καὶ
928 752 1051 834 οὐδεὶς
1074 757 1099 822 εί

99 861 176 926 τόδε
205 863 331 946 χρόνου
361 861 523 943 δικτάτωρ
553 857 701 946 αἱρεθεὶς
727 857 828 945 χωρὶς
856 859 1028 944 ἱππάρχου
1057 861 1099 946 n)

100 966 206 1052 άρχήν
230 966 421 1033 διετέλεσεν.
460 969 570 1031 ἔπειτα
592 975 650 1050 τής
673 965 825 1044 ἐξουσίας
847 966 885 1030 τὸ
908 967 1033 1050 κράτος
1051 967 1099 1034 ἐπι

101 1072 204 1152 δεῖξαι
219 1070 400 1157 βουληθεὶς
418 1072 499 1138 ὅσον
517 1072 598 1155 ἐστί,
612 1071 841 1155 καταπλήξεως
859 1072 1025 1158 μάλλονῆ
1041 1083 1099 1161 χρή

100 1197 183 1257 σεως
201 1180 298 1245 ἕνεκα
315 1191 385 1256 τοῖς
403 1178 605 1264 ῥαβδούχοις
623 1177 795 1244 ἐκέλευσεν
813 1179 880 1264 άμα
893 1189 967 1256 ταῖς
983 1181 1099 1265 δεσμαί

61 1305 87 1343 1⁰
100 1297 167 1350 τῶν
200 1285 335 1371 ῥάβδων
365 1288 445 1362 τοὺς
475 1283 622 1361 πελέκεις
654 1285 710 1349 διά
740 1293 799 1369 τῆς
829 1289 958 1362 πόλεως
987 1285 1099 1373 φέρειν

100 1394 181 1468 ἔθος
203 1392 381 1477 ἐπιχώριον
404 1388 465 1476 μὲν
483 1401 553 1468 τοῖς
571 1394 776 1474 βασιλεῦσιν,
799 1389 981 1477 ἐκλειφθὲν
1000 1389 1034 1458 δ’
1053 1393 1099 1460 ὑπ

100 1509 167 1562 τῶν
193 1497 345 1582 ὑπάτων,
374 1498 406 1577 ἐξ
436 1494 477 1564 οὗ
502 1496 685 1583 Οὐαλέριος
708 1501 920 1575 Ποπλικόλας
944 1497 963 1564 δ
987 1511 1099 1584 πρῶτο

98 1603 287 1682 ὑπατεύσας
309 1604 445 1697 ἐμείωρε
467 1606 528 1670 τὸν
551 1605 688 1689 φθόνον
705 1613 763 1688 τής
781 1604 893 1690 ἀρχῆς,
918 1605 1021 1684 αὐτὸς
1040 1607 1099 1674 άνα

64 1710 317 1795 δνεωσάμενος.
368 1709 659 1795 καταπληξάμενος
690 1707 727 1775 δὲ
758 1712 865 1798 τούτφ
896 1735 931 1776 τε
962 1711 1021 1778 καὶ
1050 1724 1099 1779 τοι

60 1835 86 1874 1⁶
101 1819 215 1895 άλλοις
229 1820 410 1903 συμβόλοις
423 1826 481 1901 τῆς
494 1820 666 1901 βασιλικῆς
679 1816 858 1901 ἡγεμονίας
871 1820 951 1894 τοὺς
964 1841 1099 1905 ταρακτι

100 1927 182 2001 κοὺς
203 1922 259 1989 καὶ
281 1924 508 2009 νεωτεριστάς,
531 1923 569 1987 τὸ
586 1923 763 2009 κράτιστον
781 1934 848 1988 τῶν
866 1924 932 1990 ὑπὸ
947 1928 1099 2011 Σερονΐο

106 2034 251 2096 Τυλλίου
278 2040 339 2096 τοῦ
363 2030 631 2115 δημοτικωτάτου
654 2028 816 2113 βασιλέως
838 2030 1099 2097 κατασταθέντα

98 2141 267 2222 νομίμων,
305 2147 437 2221 πρῶτον
472 2134 603 2214 ἐπέταξε
636 2145 772 2220 ποιήσαι
798 2130 973 2221 Ῥωμαίοις
1004 2137 1099 2203 άπασι

98 2247 249 2329 τιμήσεις
271 2244 353 2308 κατά
376 2243 485 2328 φυλάς
507 2252 574 2307 τῶν
596 2243 681 2325 βίων
699 2242 858 2326 ἐνεγκεῖν,
880 2243 1099 2330 προσγράφον

60 2369 87 2408 20
101 2373 160 2427 τας
183 2360 353 2432 γυναικῶν
374 2373 409 2414 τε
431 2346 487 2414 καὶ
505 2349 636 2414 παίδων
654 2348 801 2431 ὀνόματα
819 2346 876 2414 καὶ
893 2348 1026 2431 ήλικίας
1043 2349 1099 2416 έαυ

63 2459 169 2522 4τῶν
191 2479 226 2521 τε
249 2453 305 2520 καὶ
326 2454 460 2521 τέκνων.
498 2455 535 2521 ἐν
558 2454 659 2543 ὀλίγῳ
683 2450 720 2519 δὲ
739 2457 849 2542 χρόνῳ
868 2456 1006 2521 πάντων
1024 2479 1099 2541 τιμή

99 2561 255 2647 σαμένων
289 2564 344 2627 διὰ
373 2562 411 2626 τὸ
438 2560 581 2646 μέγεθος
608 2569 667 2645 τῆς
693 2566 864 2646 τιμωρίας·
900 2565 963 2646 τήν
990 2587 1027 2629 τε
1053 2565 1099 2648 γάρ

100 2669 220 2734 οὐσίαν
244 2668 403 2735 ἀπολέσαι
420 2671 499 2746 τοὺς
518 2669 765 2752 ἀπειθήσαντας
783 2669 851 2734 ἔδει
870 2665 927 2733 καὶ
943 2669 1008 2753 τήν
1023 2673 1099 2734 πολι

98 2776 206 2840 τείαν·
240 2775 448 2851 ἑπτακοσίοις
469 2778 605 2852 πλείους
627 2773 816 2860 εὑρέθησαν
839 2773 875 2841 oc
894 2774 932 2840 ἐν
955 2775 1022 2862 ήβγ
1039 2769 1099 2841 Ῥω

58 2901 84 2942 ει
99 2892 191 2965 μαίοι
218 2882 452 2948 πεντεκαίδεκα
480 2881 662 2967 μυριάδων.
708 2882 789 2964 μετὰ
815 2890 915 2946 τοῦτο
941 2882 1099 2968 διακρίνα,

98 2990 177 3065 τοὺς
200 2991 337 3074 ἐχοντας
357 2988 420 3070 τήν
443 2989 685 3073 στρατεύσιμον
708 2987 840 3071 ἡλικίαν
863 2987 928 3053 άπὸ
950 2998 1019 3053 τῶν
1036 3010 1099 3074 πρε

169 3224 182 3270 1
203 3215 276 3286 ἀνήρ
296 3213 478 3285 δειχθήσεται
496 3214 521 3268 Α
552 3214 625 3285 ἀνήρ
645 3213 833 3286 ουγγράφωΒ
867 3213 1018 3286 συγγράφω
1033 3214 1099 3268 delei

97 3287 169 3342 Smit
187 3290 253 3358 post
271 3284 342 3355 ἀνὴρ
362 3286 443 3355 signo
463 3286 658 3356 insserrogandi
677 3285 770 3356 posisso
790 3285 856 3342 Obs.
874 3304 903 3355 p.
925 3292 958 3339 14
1025 3292 1059 3340 12
1075 3283 1099 3338 τί

95 3368 207 3428 πρῶτον
225 3376 248 3413 ο.
269 3357 370 3412 Garrer
389 3358 454 3414 Obs,
473 3377 501 3428 p.
521 3363 553 3412 52
615 3363 648 3412 13
668 3356 752 3420 αύτδς
770 3355 1044 3430 άν<ανε>ωσάμενος
1060 3354 1099 3408 Bb

96 3429 183 3494 αὖθις
202 3448 225 3486 υ.
245 3429 382 3484 Biicheler
401 3428 487 3492 οὕτως
506 3428 671 3482 dubitanter
688 3427 834 3498 Kiessling
