2414 3840
487 128 748 220 -ε-’
1012 165 1078 232 335

59 333 144 404 τους
171 325 207 393 ἐκ
234 337 302 393 τῶν
326 329 511 412 εἰληφότων
534 328 598 411 ἤδη
623 328 683 411 την
707 326 813 413 ἀρχὴν
835 328 960 411 ταύτην
983 329 1077 416 δήμῳ

60 435 142 518 <τε>
164 431 422 519 κεχαρισμένους
445 434 572 519 ἄνδρας
592 431 648 498 καὶ
670 433 919 520 ἀριστοκρατίᾳ,
949 435 1078 499 Πόστο-

62 565 130 626 μον
153 542 320 624 Κομίνιον
342 536 397 604 καί
421 542 573 625 Σπόριον
595 539 761 623 Κάσσιον,
785 534 846 624 ὑφ’
869 535 909 605 οὗ
932 543 1079 623 Σαβίνοι

60 643 394 730 καταπολεμηθέντες
420 654 477 731 τῆς
503 645 683 730 ἡγεμονίας
709 645 912 730 ἀπέστησαν,
941 643 994 711 ἐπὶ
1020 656 1078 730 της

63 751 311 837 ἑβδομηκοστῆς
332 749 387 817 καί
411 750 567 838 δευτέρας
589 751 803 836 ὀλυμπιάδος,
827 752 870 836 ἣν
891 753 984 818 έυίκα
1003 753 1104 817 στάν

60 860 143 924 διον
161 858 357 942 Τισικράτης
373 858 621 942 Κροτωνιάτης,
643 859 804 943 άρχοντος
819 856 981 944 Ἀθήνησι
996 865 1078 924 Διο-

62 969 199 1049 γνήτου.
249 959 344 1029 οὗτοι
377 966 626 1050 παραλαβόντες
661 965 722 1048 την
759 963 864 1050 ἀρχὴν
899 965 1113 1042 καλάνδαις2

63 1073 309 1155 Σεπτεμβρίαις
331 1076 457 1136 θᾶττον
480 1068 500 1153 ἢ
523 1081 593 1147 τοῖς
614 1067 789 1156 προτέροις
812 1073 892 1148 έθος
913 1067 972 1154 ἦν,
997 1068 1077 1156 πρὶν

63 1177 85 1261 ἣ
113 1186 180 1243 τῶν
207 1178 319 1243 ἄλλων
340 1201 374 1242 τι
397 1175 643 1263 διαπράξασθαι
666 1178 794 1261 βουλὴν
816 1176 1078 1261 συγκαλέσαντες

63 1280 141 1368 περὶ
167 1290 224 1366 τῆς
251 1284 403 1349 καθόδου
432 1294 499 1349 τῶν
527 1285 715 1368 δημοτικῶν
742 1282 851 1368 λέγειν
874 1283 1006 1368 ἠξίουν,
1034 1285 1077 1367 ἥν
1091 1301 1118 1341 1⁰

63 1411 140 1453 τινα
163 1388 318 1454 διάνοιαν
337 1392 413 1473 ἔχει,
436 1399 570 1472 πρῶτον
588 1389 828 1473 ἀποφήνασθαι
846 1395 1077 1477 παρακαλοῦν-

61 1517 118 1570 τες
142 1496 249 1581 ἄνδρα
271 1494 400 1578 ἡλικίας
423 1493 459 1559 ἐν
482 1503 521 1578 τῇ
544 1497 700 1580 κρατίστη
723 1497 796 1560 τότε
821 1497 902 1560 ὄντα
924 1493 980 1560 καὶ
999 1512 1077 1561 συν-

64 1599 133 1666 έσει
162 1601 327 1666 δοκοῦντα
354 1610 422 1665 τῶν
450 1601 561 1665 ἄλλων
589 1598 779 1684 διαφέρειν,
806 1601 947 1683 μάλιστα
971 1598 1001 1664 δ’
1025 1598 1078 1665 ἐπὶ

63 1715 104 1790 τη
136 1704 328 1791 προαιρέσει
359 1716 427 1770 τῶν
458 1707 708 1790 πολιτευμάτων
738 1704 995 1789 ἐπαινούμενον,
1027 1705 1079 1770 ὅτι

10 1820 124 1895 ιόκτης
146 1809 248 1896 μέσης
265 1811 386 1890 τάξεως
403 1807 457 1895 ἦν,
482 1812 558 1877 οὔτε
576 1812 638 1895 την
656 1811 843 1877 αὐθάδειαν
861 1821 928 1875 τῶν
947 1809 1078 1895 άριστο-
1092 1829 1118 1872 15

61 1930 229 2005 κρατικῶν
258 1917 368 1996 αὔξειν
397 1917 473 1983 οὔτε
496 1925 541 2005 τῷ
567 1919 659 2005 δημρι
684 1918 746 1983 ὅσα
768 1918 954 2001 βουληθείη
977 1917 1078 2002 πράτ-

61 2048 134 2090 τειν
156 2023 351 2110 ἐπιτρέπων,
371 2021 554 2107 Ἀγρίππαν
568 2025 757 2114 Μενήνιον·
781 2023 818 2100 ὃς
841 2019 894 2087 ἐπὶ
912 2023 969 2098 τάς
988 2023 1077 2087 διαλ-

62 2132 166 2214 λαγὰς
201 2131 263 2214 την
299 2130 427 2213 βουλὴν
457 2129 634 2215 παρεκάλει
665 2129 742 2194 τάδε
775 2127 895 2212 λέγων·
941 2130 987 2193 Ec
1016 2125 1112 2213 μὲν3

62 2238 202 2319 άπασιν,
234 2232 261 2302 ὦ
293 2238 413 2320 βουλή,
446 2245 516 2312 τοϊς
542 2243 687 2318 παροῦσι
716 2236 778 2319 τὴν
806 2233 912 2318 αὐτὴν
939 2235 1076 2318 γνώμην

61 2341 264 2427 συνέβαινεν
295 2345 398 2428 ἔχειν,
431 2339 487 2407 καὶ
519 2338 633 2427 μηδείς
665 2343 779 2425 ἔμελλε
808 2349 880 2417 ταῖς
906 2341 990 2426 πρὸς
1016 2342 1076 2406 τὸν
1090 2359 1117 2400 εο

63 2450 171 2533 δῆμον
195 2449 387 2532 διαλλαγαῖς
410 2447 566 2532 ἐμποδὼν
588 2450 736 2532 ἔσεσθαι,
760 2444 814 2532 ἐφ’
837 2438 887 2522 οἷς
906 2442 987 2530 <δὲ>
1007 2447 1077 2512 δια-

61 2557 238 2639 λυσόμεθα
269 2556 353 2640 πρὸς
384 2555 506 2633 αὐτοὺς
538 2560 601 2619 είτε
634 2556 775 2630 δικαίοις
803 2548 901 2619 οὖσιν
929 2557 993 2617 είτε
1021 2555 1077 2637 μη,

61 2664 152 2747 ὅμως
178 2670 281 2726 ταῦτα
309 2661 486 2747 προῦκειτο
510 2664 616 2746 μόνον
639 2671 791 2744 σκοπεῖν,
820 2656 865 2724 δι’
888 2659 1011 2742 ὀλίγων
1035 2658 1077 2725 άν

60 2768 143 2851 ὑμῖν
162 2767 313 2852 έδηλωσα
331 2770 452 2851 λόγων,
472 2767 492 2831 ἃ
511 2777 637 2854 φρονῶ.
670 2764 739 2832 ἐπεὶ
758 2762 795 2831 δὲ
813 2763 868 2831 καὶ
882 2765 964 2829 αὐτὸ
978 2768 1113 2832 τοῦτό4

134 2931 150 2978 2
169 2943 199 2979 τε
219 2924 284 2979 αδδ.
302 2922 406 2978 Reiske
423 2926 427 2992 1
443 2925 614 2994 ποστοόμιον
633 2923 656 2977 Β
675 2944 692 2977 ν
710 2924 811 2992 postea
830 2922 893 2977 add.
950 2929 966 2978 3
985 2925 1077 2993 Καμί·

60 2994 167 3052 νιονΒ
224 2989 467 3068 όὲβδομηκοστῆς
485 2994 534 3049 καὶ
553 2989 715 3068 ἕβδόμηςΟ
754 2987 775 3050 ἓ.
795 2991 997 3063 καὶδευτέρας
1016 2993 1076 3062 syl-

58 3067 135 3136 burg
154 3081 188 3120 ex
205 3065 284 3136 [προ
367 3072 382 3121 7
402 3061 480 3120 οὗτοι
496 3064 708 3138 παραλαβόντες
725 3064 776 3134 τὴν
795 3065 886 3135 ἀρχὴν
904 3065 991 3121 νοτίου
1010 3067 1076 3118 ante

61 3133 110 3194 ἐπὶ
132 3144 182 3206 τῆς
199 3155 225 3193 v.
244 3144 261 3192 4
297 3136 431 3206 ponenda
453 3153 514 3192 esse
537 3153 560 3192 ο.
578 3136 723 3205 Kiessling
745 3136 790 3190 Pr.
808 3136 872 3192 Bas.
891 3154 920 3205 p.
935 3141 968 3188 18
1041 3139 1074 3187 12

60 3204 94 3266 έν
111 3213 150 3282 τῷ
171 3209 307 3282 κρατίστῳ
325 3215 375 3278 τῆς
392 3208 502 3278 ἡλικίας
520 3225 543 3263 c.
563 3207 707 3276 Kiessling
724 3207 769 3263 Pr.
788 3207 852 3262 Bas.
871 3224 898 3275 p.
915 3213 930 3260 6
989 3210 1020 3257 21
1042 3201 1075 3257 δὲ

61 3279 127 3334 αδδ.
147 3279 249 3350 Pflugk
322 3285 356 3334 23
375 3277 478 3350 *ὁμόσε
496 3299 526 3335 τε
544 3279 598 3333 AD
636 3277 709 3350 ὅμως
727 3274 763 3346 ἢν
781 3278 831 3332 Bc
869 3271 1074 3345 ὁμολογήμασιν

59 3349 200 3406 Bsicheler
236 3350 380 3422 ὁμοσθενῆ
404 3370 436 3421 γε
458 3359 547 3406 ταῦτα
570 3350 716 3405 Μοιιίτιιοι
732 3367 760 3417 p.
780 3354 832 3404 266
869 3345 969 3415 ὁμοίως
991 3350 1073 3397 τοῦτο

59 3422 213 3493 προύκειτο
232 3421 354 3477 Schenkl
373 3442 400 3493 p.
416 3429 449 3478 37
470 3421 503 3477 cf.
525 3421 671 3478 observat.
690 3435 768 3474 meas
788 3416 901 3473 criticas
919 3432 946 3483 p.
962 3419 1013 3468 336
