2414 3840
101 159 168 223 394
458 156 690 209 '-5-

102 322 199 397 δενὸς
218 323 350 385 ἔσονται
368 319 489 403 κύριοι,
512 329 582 399 τοῖς
601 313 631 383 δ’
649 318 881 404 ἀδικουμένοις
899 317 920 401 ἢ
939 336 1113 404 κατισχυο-

100 425 214 512 μένοις
240 437 307 491 τῶν
336 428 490 509 δημοτῶν
517 427 728 508 βοηθήσουσι
753 423 808 490 καὶ
831 425 872 490 ού
895 429 1114 511 περιόψονται

100 545 168 598 τῶν
188 534 327 597 δικαίων
343 525 632 617 ἀποστερούμενον
647 533 790 598 οὐθένα·
812 541 910 597 τοῦτο
925 532 1012 616 ὑμᾶς
1026 531 1114 596 ἀντι·
1148 546 1161 571 ·

101 643 267 723 βολοῦμεν
288 637 344 703 καὶ
367 641 514 723 δεόμεθα
536 641 618 725 πρὸς
639 649 710 717 τοῖς
733 640 846 716 ἀλλοις
869 632 918 715 οἷς
938 640 1114 722 δεδώκατε,

74 747 132 810 εεί
148 746 193 829 μη
213 748 323 829 λόγος,
341 741 414 811 ἀλλ’
436 748 536 831 ἔργον
555 744 640 811 είσὶν
658 747 696 810 αί
712 747 897 829 διαλλαγαί,
922 746 1042 811 δοῦναι
1060 744 1115 811 καὶ

100 856 313 937 χαρίσασθαι.
506 861 510 868 ’

167 957 381 1023 LXXXVIII.
407 951 441 1022 ‘0
464 955 526 1042 μὲν
549 952 612 1023 οὖν
636 957 807 1042 δῆμοςὼς
828 958 957 1022 τούτων
979 959 1113 1041 ἤκουσε,

101 1064 226 1149 μεμάλη
250 1068 313 1148 βοῇ
336 1060 391 1129 καί
414 1063 508 1150 μέχρι
528 1069 655 1130 πολλοῦ
673 1064 855 1148 κατεχούσῃ
874 1065 933 1128 τόν
951 1086 987 1128 τε
1005 1064 1115 1150 ἀνδρα

101 1169 230 1256 ἐπῄνει,
263 1169 319 1235 καὶ
350 1173 429 1257 τοὺς
459 1172 663 1257 πρεσβευτὰς
693 1170 870 1256 παρεκάλει
900 1179 1115 1255 συγχωρῆσαι

62 1296 88 1334 10
101 1278 198 1362 σφίσι
225 1274 281 1340 καλ
307 1284 415 1341 τοῦτο.
461 1277 497 1341 οί
521 1273 558 1340 δὲ
581 1275 735 1362 πρέσβεις
757 1276 975 1358 μεταστάντες
998 1275 1035 1341 έκ
1057 1286 1118 1360 της-

101 1380 273 1463 έκκλησίας
291 1379 347 1445 καὶ
365 1381 597 1466 διαλεχθέντες
614 1383 711 1466 ὀλίγα
720 1384 810 1467 ’πρὸς
828 1381 992 1465 ἀλλήλους
1009 1392 1115 1466 παρῆ-

101 1502 166 1552 σαν
193 1487 235 1553 οὐ
261 1489 317 1552 διὰ
339 1496 475 1574 μακροῦ.
522 1497 646 1572 σιωπῆς
669 1486 706 1553 δὲ
729 1487 911 1572 γενομένης
932 1490 1180 1572 παρελθὼν1ε43

101 1595 119 1661 ὁ
142 1598 314 1679 Μενήνιος
342 1590 424 1660 εἷπε·
461 1596 506 1660 Τὸ
534 1593 596 1679 μὲν
618 1604 766 1679 πρᾶγμα,
796 1591 822 1659 ὦ
847 1597 1003 1679 δημόται,
1031 1594 1115 1679 μέγα

101 1699 157 1766 καὶ
175 1706 308 1766 πολλῶν
328 1703 449 1785 μεστὸν
462 1701 618 1779 ὑποψιῶν
632 1699 778 1766 ἀτόπων·
802 1700 877 1778 δέος
890 1724 925 1765 τε
938 1698 994 1765 καὶ
1008 1724 1114 1787 φρον-

63 1823 88 1864 15
101 1805 151 1883 τίς
173 1807 258 1892 ἡμᾶς
281 1806 471 1891 εἰσέρχεται,
494 1810 539 1892 μή
559 1829 639 1872 ποτε
658 1809 720 1872 δύο
738 1809 850 1884 πόλεις
867 1808 1059 1890 ποιήσωμεν
1077 1806 1114 1870 έν

102 1920 175 2002 μιᾷ·
206 1915 294 1997 πλην
316 1916 354 1979 τό
377 1912 407 1997 γ’
431 1912 483 1999 ἐφ’
505 1913 586 1998 ἡμῖν
608 1909 695 1979 εἶναι
718 1912 816 2000 μέρος
837 1910 917 1978 οὐδὲ
935 1913 1019 1998 πρὸς
1037 1912 1114 1977 ταύ-

62 2021 163 2102 2την
200 2020 444 2104 ἐναντιούμεθα
474 2021 536 2104 τὴν
569 2018 685 2103 δέησιν
715 2019 820 2103 ὑμῶν.
868 2028 967 2084 τοῦτο
1000 2017 1114 2102 με’ντοι

102 2127 287 2210 χαρίσασθε
313 2123 408 2208 ἡμῖν,
438 2124 456 2189 ὃ
482 2122 539 2189 καὶ
561 2121 644 2208 ὑπὲρ
666 2124 762 2208 ὑμῶν
785 2123 889 2189 ἐστιν·
921 2122 1114 2209 ἐπιτρέψατε

101 2241 169 2296 τῶν
196 2225 408 2317 πρεσβευτῶν
429 2247 518 2295 τισιν
541 2232 588 2306 είς
610 2231 672 2313 τὴν
694 2233 794 2296 πόλιν
817 2229 1033 2314 ἀφικομένοις
1057 2232 1114 2314 δη-

61 2357 89 2395 2⁰
102 2342 206 2402 λῶσαι
229 2345 268 2422 τῇ
292 2340 397 2422 βουλῇ
420 2345 534 2402 ταῦτα·
566 2334 622 2401 καὶ
640 2338 707 2427 μὰρ
732 2338 763 2401 εί
778 2338 840 2420 την
859 2336 1013 2414 ἐξουσίαν
1032 2333 1110 2420 παρ’

102 2443 204 2527 αὐτῆς
231 2446 364 2528 ἔχομεν,
395 2443 482 2520 ὅπως
509 2441 551 2508 ἀν
579 2444 795 2528 βουλώμεθα,
823 2444 1029 2525 ποιήσασθαι
1056 2443 1114 2519 τάς

103 2551 281 2633 διαλλαγὰς
305 2549 545 2635 αὐτοκράτορες
568 2551 660 2626 όντες
682 2561 750 2614 τῶν
768 2547 993 2633 ὑποσχέσεων,
1017 2550 1118 2615 αύτοί

102 2655 142 2740 μέ
166 2679 218 2721 τοι
243 2660 358 2740 λαβεῖν
380 2650 470 2720 τοῦτ’
492 2655 533 2720 ού
558 2657 766 2740 δικαιοῦμεν,
794 2651 869 2721 ἀλλ’
889 2656 1001 2741 ἐπειδὴ
1026 2659 1115 2741 παρὰ

103 2761 204 2839 δόξαν
227 2760 307 2846 ἡμῖν
330 2762 512 2845 ἀπήντηται
530 2771 663 2848 πρᾶγμα
681 2764 809 2845 καινόν,
833 2762 1034 2847 ἀφελόμενοι
1053 2764 1114 2846 τὴν

61 2885 87 2926 κε
103 2870 193 2933 ίδίαν
229 2867 383 2946 ἐξουσίαν
415 2876 460 2954 τῷ
493 2869 659 2954 συνεδρίῳ
692 2869 851 2954 φέροντες
882 2868 1113 2954 ἀναθήσομεν·

101 2977 306 3057 πεπείσμεθα
338 2972 452 3058 μέντοι
479 2967 619 3062 κάκείνω
647 2974 751 3039 ταύτὰ
779 2975 888 3053 δόξειν
915 2976 998 3061 ἀπερ
1025 2975 1113 3060 ἡμῖν.

102 3080 166 3164 ἐγὼ
189 3078 251 3166 μὲν
275 3075 337 3145 ούν
361 3079 484 3145 ένθύδε
507 3090 596 3163 μενῶ
619 3078 674 3144 καὶ
698 3082 761 3146 σύν
784 3080 861 3166 ἐμοί
880 3104 912 3146 τι
935 3079 1035 3165 μέρος
1057 3091 1113 3166 τῆς

101 3190 287 3271 πρεσβείας,
312 3185 494 3270 Οὐαλέριος
517 3183 554 3252 δέ
576 3188 773 3270 πορεύσεται
794 3184 850 3252 καὶ
869 3187 904 3252 οί
919 3185 1031 3253 λοιποὶ
1050 3190 1113 3252 σύν

173 3352 189 3398 3
217 3341 442 3415 ἀποοτερόμενον
464 3341 608 3412 Kiessling
699 3351 731 3400 15
755 3339 787 3398 έκ
810 3351 875 3413 μιᾶς
897 3360 920 3397 ο.
941 3342 1030 3398 Cobet
1049 3343 1112 3398 Obs.

88 3432 120 3482 p,
143 3421 193 3470 121
270 3421 304 3474 26
324 3423 414 3472 ταῦτα
433 3413 455 3469 0
475 3431 544 3470 corr.
564 3413 686 3484 Sylburg
757 3420 791 3470 28
810 3414 1002 3493 πορεύεταιΒ
