2414 3840
488 178 648 231 ..ς-

60 335 117 404 καὶ
140 335 217 423 περὶ
234 338 358 414 παντὸς
376 334 534 416 θέλοντες
552 341 595 424 μή
614 347 783 406 κινεῖσθαι
802 341 839 407 ἐκ
857 351 918 407 τοῦ
935 346 1078 428 πατρίου

59 448 191 530 κόσμου
212 446 275 529 τήν
293 447 464 510 πολιτείαν
483 445 697 532 ἀποροῦντες,
722 449 740 513 ό
759 470 790 512 τι
809 450 990 533 χρήσονται
1009 459 1079 526 τοῖς

34 561 223 638 ὶθπαροῦσι,
251 548 458 635 μεταθέσθαι
483 548 544 636 μὲν
569 553 630 618 οὐκ
653 553 821 632 ἀξιοῦντες
844 557 901 632 τάς
923 553 1078 640 προαιρέ-

60 675 147 741 σεις,
180 654 293 742 μένειν
322 651 352 721 θ’
380 656 433 723 έπλ
465 668 533 722 τών
565 657 784 743 ἐγνωσμένων
812 661 853 726 οὐ
882 662 1076 746 δυνάμενοι·

60 764 98 830 οί
119 757 324 847 ὃ’“ἀκέραιοί
343 786 378 828 τε
400 761 455 828 καὶ
477 774 545 830 τών
568 764 717 831 στάσεων
736 765 894 855 οὐδετέρᾳ
913 773 1104 853 συμφιλο-5

59 878 251 946 νεικοῦντες
274 870 410 953 εἰρήνην
433 871 528 953 ἀγειν
550 873 750 955 βουλόμενοι
767 872 823 938 καλ
842 875 931 951 ὅπως
950 876 993 958 μή
1012 897 1075 938 τει·

60 979 173 1062 χήρεις
205 977 338 1040 ἔσονται
370 986 506 1041 σκοπεῖν
539 975 717 1054 ἀξιοῦντες.
763 987 888 1062 σιωπῆς
916 975 953 1043 δὲ
980 980 1111 1061 γενο-2

61 1080 164 1166 μένης
189 1081 207 1146 ό
230 1081 452 1166 πρεσβύτερος
473 1092 541 1146 τῶν
563 1082 699 1148 ὑπάτων
723 1081 898 1161 ἐπαινέσας
920 1085 980 1149 τὸν
1003 1088 1074 1149 Με-

60 1191 184 1272 νήνιον
214 1196 272 1271 τῆς
302 1188 550 1271 γενναιότητος,
582 1186 638 1252 καὶ
665 1190 744 1266 τοὺς
770 1193 908 1267 λοιποὺς
936 1189 1077 1269 ἀξιώσας

61 1294 200 1378 ὁμοίους
227 1292 342 1381 ἐκείνω
370 1290 530 1376 γενέσθαι
556 1296 742 1379 κηδεμόνας
769 1294 927 1379 λέγοντάς
953 1320 988 1362 τε
1015 1298 1077 1362 ὅσα
1092 1317 1118 1356 10

61 1408 230 1486 φρονοῦσι
257 1400 337 1483 μετά
359 1401 546 1483 παρρησίας
568 1399 623 1465 καὶ
645 1402 850 1486 πράττοντας
873 1405 950 1487 δίχα
973 1405 1076 1470 όκνου

59 1508 101 1571 τά
127 1503 278 1588 δόξαντα,
302 1505 460 1590 δεύτερον
479 1504 589 1570 ἐκάλει
606 1506 665 1571 τὸν
685 1507 930 1592 αὐτὸντρόπον
949 1507 982 1586 έξ
1002 1510 1077 1574 όνό-

62 1634 178 1697 ματος,
196 1611 297 1690 ἀξιῶν
314 1612 452 1696 γνώμην
465 1610 717 1696 ἀποφήνασθαι,
736 1614 874 1678 Μάνιον
889 1612 1076 1699 Οὐαλέριον

61 1717 224 1801 ἀδελφὸν·
243 1727 304 1783 τοῦ
337 1718 692 1802 συνελευθερώσαντος
723 1717 788 1782 ἀπὸ
816 1728 883 1783 τῶν
910 1718 1076 1801 βασιλέων

59 1825 124 1907 τήν
146 1826 257 1907 πόλιν,
280 1824 388 1909 ἀνδρα
410 1820 487 1909 παρ’
510 1823 688 1888 ὁντιναοῦν
706 1834 773 1888 τών
792 1823 1073 1909 ἀριστοκρατικῶν
1090 1844 1114 1884 15

59 1939 106 2019 τῷ
132 1932 225 2018 δήμῳ
248 1928 496 2015 κεχαρισμένον.

129 2036 247 2109 LVIII.
270 2033 327 2113 Ὃς
349 2035 493 2113 ἀναστάς
514 2047 647 2122 πρώτον
670 2037 896 2123 ὑπεμίμνησκε
917 2036 978 2118 τήν
996 2037 1076 2117 βου-

59 2145 125 2227 λήν
147 2154 215 2207 τών
239 2143 336 2208 ίὸίων
357 2143 618 2227 πολιτευμάτων,
641 2139 697 2207 καὶ
720 2142 770 2208 ὅτι
792 2141 951 2218 πολλάκις
971 2141 1075 2206 αὐτοῦ

59 2245 285 2335 προλέγοντος
311 2250 352 2313 τά
379 2248 542 2333 μέλλοντα
568 2251 799 2332 συμβήσεσθαι
823 2249 918 2314 δεινά
941 2243 985 2313 δι’
1008 2247 1076 2311 όλι-

34 2357 186 2441 λθγωρίας
215 2354 411 2438 ἐποιήσαντο
444 2357 523 2432 τοὺς
555 2357 691 2438 λόγους·
726 2356 837 2420 ἔπειτα
869 2353 964 2436 ήξίου
996 2356 1075 2429 τοὺς
1088 2373 1114 2412 ιο

61 2459 340 2545 ἐναντιουμένους
366 2471 438 2538 ταῖς
461 2462 654 2543 διαλλαγαῖς
677 2461 721 2545 μή
744 2459 909 2546 περὶτῶν
933 2459 1075 2545 μετρίων

59 2579 128 2634 νῦν
157 2571 279 2651 ζητεῖν,
307 2564 379 2633 ἀλλ’
401 2564 471 2632 ἐπεὶ
499 2568 560 2650 τήν
588 2567 705 2631 στάσιν
729 2566 791 2631 οὐκ
813 2571 929 2632 είασαν
952 2566 1075 2651 ἐξαιρε-

59 2681 182 2757 θήναι,
210 2672 308 2755 ἡνίκα
336 2672 436 2756 μικρά
463 2666 506 2754 ήν
534 2674 581 2737 ἔτι
608 2679 648 2756 τῇ
675 2673 770 2736 πόλει
796 2669 1075 2757 τὰδιαφέροντα,

59 2787 127 2844 νῦν
149 2778 190 2862 γε’
209 2801 262 2843 τοι
280 2788 429 2861 σκοπεῖν,
452 2778 541 2855 ὅπως
560 2779 616 2843 ὃιά
633 2775 759 2861 ταχέων
777 2779 937 2843 παύσεται
956 2777 1012 2843 καὶ
1030 2781 1075 2864 μὴ

137 3011 151 3060 1
175 3005 229 3075 πρὸ
252 3004 358 3067 παντὸς
381 3021 403 3059 ο.
422 3003 552 3060 Hertlein
569 3003 686 3059 Hermes
705 3003 731 3056 X
749 3009 802 3059 418
826 3004 860 3059 cf.
880 3005 975 3077 Tegge
994 3025 1021 3076 p.
1043 3013 1075 3060 18

60 3079 165 3144 καίπερ
184 3075 296 3139 πάντας
314 3091 336 3130 ο.
356 3074 389 3129 K.
410 3075 435 3130 S.
451 3075 558 3130 Kontos
571 3075 672 3129 Athen.
688 3074 714 3128 V
728 3081 779 3131 508
796 3078 799 3144 4
817 3071 985 3139 ἐθέλονταςῗ
1042 3082 1074 3129 10

59 3169 91 3204 τε
115 3146 165 3203 καλ
189 3145 282 3202 ἀσαΒ
355 3152 388 3200 12
409 3145 545 3218 ἕτερονΟ
582 3145 715 3217 δεύτερον
733 3145 876 3216 Kiessling
949 3153 981 3201 17
1000 3153 1076 3215 πρῶ·

59 3239 111 3275 τον
130 3215 182 3290 μὲν
202 3235 225 3272 ο.
244 3216 368 3272 Reudler
385 3217 474 3271 Τίτου.
493 3234 520 3286 p.
536 3222 570 3272 48
639 3222 672 3271 21
692 3225 741 3272 τοῦ
761 3220 874 3287 μετρίου
893 3217 915 3272 Ο
952 3223 1008 3271 τῶν
1027 3235 1075 3284 με·

60 3293 189 3361 τρίωνμ.
210 3288 383 3358 Grasberger
400 3287 565 3357 Philologus
585 3294 619 3344 28
639 3290 731 3357 (1889)
749 3305 777 3357 p.
792 3293 844 3344 346
903 3292 937 3340 22
957 3280 1005 3339 έπλ
1022 3285 1074 3354 τήν

61 3361 161 3417 στάσιν
181 3357 216 3427 ἣν
234 3359 258 3413 Β
294 3357 331 3426 ἣν
350 3359 529 3427 superscript.
549 3359 595 3412 Bb
612 3362 616 3429 Ι
634 3354 858 3482 35(“⁶gt’⁸³²7vffl
876 3356 899 3410 B
985 3361 1019 3410 23
1038 3356 1075 3410 τὰ

60 3450 115 3488 om.
135 3431 161 3484 A
234 3435 268 3485 24
286 3430 424 3485 παόσεται
442 3431 489 3484 Ba
524 3431 667 3500 παόσηται
684 3430 709 3482 Α
741 3429 760 3482 b
