2414 3840
95 154 172 219 '112
533 185 566 194 -
602 158 625 206 Δ
664 185 695 193 -

105 315 264 399 τοπέδου,
292 326 360 382 τῶν
388 317 637 399 κατεσχηκότων
664 316 726 399 την
749 317 858 381 οίκίαν
881 316 986 380 αὐτοῦ
1008 327 1125 382 κακῶν

107 419 208 489 οὐδὲν
232 421 328 498 είδὼς
350 419 406 486 καὶ
429 424 493 487 σὺν
516 421 605 509 αὐτῷ
628 421 773 498 Λεύκιος
791 417 942 504 Ἰούνιος,
966 413 992 509 ᾧ
1012 426 1125 506 Βροῦ-

106 551 162 606 τος
185 529 375 612 ἐπωνύμιον
393 524 449 612 ἦν·
477 533 527 612 εῖη
548 525 577 592 δ’
601 526 644 593 άν
662 527 961 612 ἐξερμηνευόμενος
979 527 997 593 ὁ
1012 533 1124 612 Βροῦ-

106 657 162 713 τος
191 635 238 711 είς
267 635 329 718 την
351 629 548 718 Ἑλληνικὴν
579 635 752 699 διάλεκτον
781 634 926 717 ἠλίθιος·
963 630 1048 721 ὑπὲρ
1081 630 1124 700 οὗ

80 742 207 827 εμικρδι
227 751 398 827 προειπεῖν
417 741 611 824 ἀναγκαῖον,
630 740 742 824 ἐπειδη
756 748 878 805 τοῦτον
892 739 1124 825 ἀποφαίνουσι

102 842 257 932 Ῥωμαῖοι
279 856 337 931 τῆς
355 848 564 924 καταλύσεως
581 857 649 912 τῶν
662 847 840 931 τυράννων
854 848 1049 912 αἰτιώτατον
1069 871 1122 930 γε·

31 975 33 978 ·
107 952 239 1038 νέσθαι,
263 956 311 1032 τίς
333 950 363 1019 τ’
389 948 432 1037 ἦν
455 951 510 1018 καὶ
533 953 596 1018 ἀπὸ
619 956 722 1018 τίνων
744 950 800 1018 καὶ
821 954 879 1018 διά
901 955 1014 1036 πίνης
1036 952 1125 1019 ἐπω-

106 1063 227 1144 νυμίας
250 1061 370 1144 ταύτης
392 1062 507 1144 ἔτυχεν
530 1056 632 1126 οὐδὲν
655 1059 744 1147 αύτῳ
767 1059 1008 1146 προσηκούσης.

174 1166 326 1232 LXVIII.
363 1169 416 1253 Τῷ
445 1163 544 1252 ἀνδρὶ
571 1167 677 1254 τούτῳ
701 1167 808 1253 πατὴρ
831 1162 892 1251 μὲν
914 1161 957 1248 ἦν
980 1165 1126 1250 Μάρκος

68 1295 95 1336 ιο
104 1269 245 1350 Ἰούνιος
272 1271 347 1350 ἑνὸς
373 1283 441 1337 τῶν
471 1274 535 1337 σύν
558 1274 678 1359 Αίνείῳ
705 1274 767 1357 τὴν
795 1271 950 1337 ἀποικίαν
972 1273 1126 1340 στειλάν-

107 1402 175 1444 των
197 1377 377 1462 ἀπόγονος,
400 1378 437 1444 ἐν
460 1389 529 1454 τοῖς
552 1377 823 1463 ἐπιφανεστάτοις
836 1375 1006 1463 Ῥωμαίων
1024 1378 1127 1465 ἀρυθ-

108 1484 274 1569 μούμενος
297 1481 340 1550 δι’
359 1484 490 1569 ἀρετην,
509 1487 614 1569 μήτηρ
635 1480 672 1549 δὲ
691 1487 858 1571 Ταρκυνία
875 1494 936 1551 τοῦ
955 1484 1183 1571 προτέρου804

108 1589 269 1674 βασιλέως
299 1593 489 1677 Ταρκυνίου
519 1591 687 1677 θυγάτηρ·
725 1591 824 1668 αὐτὸς
857 1588 894 1656 δέ
926 1600 1054 1678 τροφῆς
1089 1616 1126 1659 τε

107 1694 163 1762 καὶ
185 1698 336 1775 παιδείας
358 1706 416 1781 τῆς
438 1697 617 1783 ἐπιχωρίου
639 1698 746 1782 πάσης
768 1696 924 1782 μετέλαβε
941 1694 997 1762 καὶ
1015 1699 1126 1781 φύσιν

18 1798 20 1805 ’
69 1787 176 1901 1Ξείχε
203 1805 286 1890 πρὸς
313 1801 414 1869 οὐδέν
436 1812 504 1868 τῶν
526 1807 637 1868 καλῶν
660 1803 954 1889 ἀντιπράττουσαν.
990 1801 1063 1869 ἐπεὶ
1087 1802 1127 1870 δὲ

114 1911 257 1974 Τύλλιον
290 1908 486 1985 ἀποκτείνας
521 1909 705 1994 Ταρκύνιος
737 1911 801 1974 σὺν
834 1910 946 1987 άλλοις
977 1909 1126 1995 ἀνδράσι

109 2019 243 2092 πολλοῖς
260 2012 316 2079 καὶ
334 2014 477 2100 ἀγαθοῖς
495 2013 549 2080 καὶ
567 2016 627 2080 τὸν
641 2014 772 2081 ἐκείνου
785 2013 909 2101 πατέρα
924 2000 1125 2102 διεχρήσατο

109 2121 233 2205 ἀφανεῖ
252 2121 390 2208 θανάτῳ
414 2118 458 2186 δι’
481 2117 582 2186 οὐδὲν
605 2117 667 2205 μέν
690 2120 848 2206 ἀδίκημα,
876 2130 937 2187 τοῦ
960 2117 997 2187 δὲ
1020 2125 1130 2197 πλού,

109 2251 169 2293 του
196 2225 379 2314 προαχθεὶς
410 2229 456 2304 είς
484 2226 681 2312 ἐπιθυμίαν,
714 2227 755 2294 ὃν
782 2227 818 2294 ἐκ
845 2233 986 2305 παλαιᾶς
1007 2251 1043 2294 τε
1067 2227 1126 2295 καὶ

71 2355 98 2397 εο
111 2343 313 2420 προγονικῆς
348 2333 550 2419 παραλαβὼν
582 2333 734 2418 εὐτυχίας
765 2332 933 2418 ἐκέκτητο,
968 2332 1025 2400 καὶ
1057 2338 1125 2402 σὺν

111 2441 199 2529 αὐτῷ
227 2442 287 2506 τὸν
313 2440 539 2526 πρεσβύτερον
561 2440 638 2505 υίὸν
661 2439 793 2524 εύγενίς
814 2464 847 2505 τι
869 2443 1027 2527 φρόνημα
1051 2443 1126 2507 δια-

110 2550 277 2632 φαίνοντα
299 2544 354 2610 καλ
376 2546 414 2611 τὸ
437 2546 480 2629 μη
499 2554 684 2633 τιμωρῆσαι
700 2554 746 2634 τῷ
764 2547 902 2634 θανάτῳ
920 2549 1127 2634 τοῦπατρὸς

111 2653 173 2719 οὐκ
200 2652 242 2717 άν
269 2652 509 2736 ὑπομείναντα,
536 2650 612 2730 νέος
635 2652 683 2718 ὢν
707 2652 725 2719 ὁ
748 2658 897 2740 Βροῦτος
919 2656 967 2719 ἔτι
989 2651 1045 2718 καὶ
1068 2678 1126 2721 κο-

111 2759 191 2844 μιδῇ
227 2761 388 2842 βοηθείας
420 2766 616 2843 συγγενικῆς
648 2762 769 2845 ἔρημος
800 2763 900 2846 ἔργον
933 2759 1126 2846 ἐπεχείρησε

72 2884 99 2925 ει
110 2873 246 2947 ποιησαι
268 2862 404 2929 πάντων
422 2864 688 2950 φρονιμώτατον,
712 2864 868 2930 ἐπάθετον
887 2863 1007 2930 ἑαυτοῦ
1024 2889 1126 2931 κατα-

113 2971 304 3050 ψεύσασθαι
327 2973 470 3056 μωρίαν·
499 2967 554 3036 ααὶ
578 2968 742 3055 διέμεινεν
764 2971 893 3036 ἅπαντα
911 2971 970 3035 τὸν
989 2968 1023 3048 ἐξ
1042 2970 1126 3037 ἐκεί-

183 3203 199 3252 9
217 3197 349 3269 Μάρκιος
367 3197 389 3251 0
413 3215 482 3253 corr.
502 3197 623 3268 Sylburg
704 3203 737 3253 10
756 3197 891 3252 ἀποικίαν
909 3197 974 3251 add.
994 3198 1016 3252 B
1091 3206 1126 3255 14

111 3268 324 3343 π<αι>δείαςΒ
376 3275 409 3323 15
429 3266 528 3338 έσχεΒ
581 3275 615 3324 23
635 3266 676 3323 ἔτι
689 3270 791 3339 κομιδῇ
810 3268 859 3323 καλ
877 3267 1125 3325 0.Hert1einHer-

111 3357 171 3395 mes
190 3339 215 3394 X
233 3347 285 3395 413
367 3345 402 3393 24
421 3336 597 3411 ἐπιχειρῆσαι
614 3339 661 3392 Ba
738 3345 773 3394 25
791 3347 907 3409 ποιῆσαι
925 3339 1077 3394 delendum
1095 3345 1126 3398 et

113 3409 184 3484 ἔργῳ
210 3442 236 3452 -
256 3409 457 3484 φρονιμωτάτῳ
476 3410 654 3464 scribendum
672 3427 695 3464 ο.
716 3411 818 3466 Garrer
836 3409 900 3465 Obs.
920 3428 948 3479 p.
963 3417 998 3465 35
