2414 3840
98 190 164 255 134
524 194 689 244 -Δ-

95 377 130 420 τε
161 352 217 418 καὶ
249 353 537 438 ἐπικελευόμενον,
569 363 639 430 τοῖς
671 349 709 418 δὲ
737 357 889 420 πλείοσιν
917 354 1033 420 αὐτῶν
1060 353 1122 422 καί

97 461 225 547 δάκρυα
252 457 312 544 ὑφ’
335 460 458 545 ἡδονῆς
484 462 574 547 ἐρρει
596 466 803 545 θαυμαστῶν
825 459 881 526 καὶ
904 460 1122 548 ἀπροσδοκή-

95 589 163 632 των
191 566 352 633 ἀκούουσι
379 570 502 651 λόγων·
539 567 631 651 πύθη
659 589 695 633 τε
720 569 855 633 ποικίλα
880 569 943 652 τὴν
971 566 1122 636 ἕκαστον

95 674 207 757 ψυχὴν
238 673 485 759 κατελάμβανεν
519 670 622 740 οὐδὲν
649 673 804 758 ἀλλήλοις
831 673 974 741 ἐοικότα·
1013 676 1121 742 λύπαι

69 799 131 845 ετε
149 782 212 866 γὰρ
231 780 370 863 ἡδοναῖς
387 779 574 866 ἐκέκραντο,
598 780 636 845 αί
650 777 712 866 μέν
730 779 784 846 ἐπὶ
802 791 872 859 τοῖς
889 785 1120 868 προγεγονόσι

96 887 234 971 δεινοῖς,
263 889 301 953 αί
325 886 356 954 δ’
379 886 432 953 ἐπὶ
459 897 529 965 τοῖς
558 887 849 974 προσδοκωμένοις
872 888 1030 973 ἀγαθοῖς,
1058 887 1160 962 καλεῖν

95 992 202 1078 θυμοί
224 993 462 1073 συνεξέπιπτον
482 998 612 1080 φόβοις,
637 995 672 1060 οί
688 991 749 1079 μὲν
768 992 820 1060 ἐπὶ
841 1003 886 1083 τῷ
905 1007 1016 1074 κακῶς
1035 997 1136 1083 δρά-“

95 1117 151 1166 σαι
173 1103 214 1167 τὰ
236 1104 421 1187 μισούμενα
443 1109 502 1186 τῆς
520 1102 702 1186 ἀσφαλείας
719 1101 890 1189 ὑπερορᾶν
909 1101 1117 1190 ἐπαίροντες,

96 1208 131 1272 οί
152 1204 189 1273 δέ
211 1211 294 1274 κατὰ
316 1211 478 1294 λογισμὸν
499 1217 561 1274 τοῦ
583 1209 627 1294 μὴ
651 1208 773 1295 ῥᾳδίαν
797 1203 884 1275 είναι
906 1211 968 1295 τὴν
991 1215 1117 1278 καθαί·

60 1332 85 1372 10
96 1331 189 1400 ρεσιν
207 1324 264 1400 τῆς
283 1316 483 1401 τυραννίδος
501 1316 603 1380 ὄκνον
618 1325 690 1393 ταῖς
704 1314 873 1401 ἐπιβολαῖς
887 1314 1116 1404 ἐπιφέροντες.

59 1418 80 1481 2
96 1419 165 1486 ἐπεὶ
184 1418 215 1486 δ’
232 1421 398 1488 ἐπαύσατο
417 1419 535 1504 λέγων,
555 1423 664 1509 ὥσπερ
684 1422 717 1500 ἐξ
737 1421 812 1500 ἑνὸς
831 1425 994 1508 στόματος
1008 1425 1117 1492 ἀπαν-

94 1550 148 1604 τες
174 1529 243 1612 τὴν
264 1529 369 1612 αὐτὴν
397 1528 515 1612 φωνὴν
543 1526 730 1614 ἀνέκραγον
758 1529 853 1612 ἀγειν
881 1538 969 1614 σφᾶς
997 1528 1051 1595 ἐπὶ
1074 1533 1116 1598 τὰ

95 1635 189 1700 ὅπλα.
234 1633 290 1700 καὶ
314 1635 332 1701 ὁ
354 1640 505 1722 Βροῦτος
527 1634 659 1719 ἡσθείς,
680 1629 758 1700 Ἐοίν
780 1658 818 1720 γε
840 1639 1018 1723 πρότερον,
1038 1641 1116 1723 ἐφη,

93 1743 134 1806 τδι
167 1741 309 1822 δόξαντα
339 1751 385 1830 τῷ
414 1736 580 1830 συνεδρίῳ
609 1744 775 1827 μαθόντες
802 1741 1030 1829 ἐπικυρώσητε
1063 1747 1115 1826 [τὸ

59 1863 85 1905 1⁵
96 1848 243 1933 δοχθέν]
282 1848 435 1915 δέδοκται
453 1851 516 1934 γάρ
535 1848 616 1934 ἡμῖν
634 1849 773 1933 φεύγειν
792 1852 1002 1936 Ταρκυνίους
1015 1854 1117 1918 πόλιν

93 1942 130 2020 τε
158 1956 220 2039 την
238 1953 406 2040 Ῥωμαίων
435 1953 489 2020 καὶ
518 1956 646 2041 χώραν,
675 1955 755 2039 ὅσης
782 1956 923 2042 ἄρχουσι
946 1952 1116 2042 Ῥωμαῖοι,

94 2061 149 2128 καί
171 2061 269 2147 γένος
290 2063 328 2127 τὸ
351 2061 386 2141 ἐξ
411 2061 521 2127 αὐτῶν
544 2062 645 2126 δίκαν·
676 2059 732 2126 καὶ
755 2061 875 2146 μηδενὶ
894 2061 1018 2142 ἐξεῖναι
1037 2064 1115 2153 περὶ

94 2171 247 2236 καθόδου
270 2172 466 2256 Ταρκυνίων
490 2171 570 2255 μήτε
590 2168 747 2254 πράττειν
766 2166 872 2253 μηδὲν
890 2172 972 2254 μήτε
991 2169 1160 2257 λέγεινβδ

95 2277 154 2343 ἐάν
187 2275 226 2342 δέ
254 2300 304 2354 τις
334 2278 423 2363 παρὰ
454 2284 558 2341 ταῦτα
587 2285 693 2340 ποιῶν
721 2275 914 2362 εὑρίσκηται
940 2279 1115 2345 τεθνοίναι.

93 2385 218 2468 ταύτην
250 2386 282 2450 εί
312 2382 531 2469 βουλομένοις
563 2382 643 2467 ὑμῖν
672 2381 741 2448 ἐστι
768 2384 830 2467 τὴν
858 2383 998 2468 γνώμην
1027 2380 1116 2453 εἶναι

94 2493 230 2581 κυρίαν,
259 2492 453 2568 διαστάντες
479 2490 561 2555 κατὰ
587 2490 645 2565 τὰς
668 2489 818 2575 φράτρας
840 2498 957 2574 ψῆφον
980 2489 1115 2576 ἐπενέγ-

94 2619 182 2679 κατε,
205 2595 261 2662 καὶ
283 2593 381 2664 τοῦθ’
403 2596 483 2680 ύμῖν
506 2606 639 2683 πρῶτον
662 2594 790 2682 ἀρξάτω
813 2597 851 2660 τὸ
871 2597 1038 2683 δικαίωμα
1055 2610 1115 2685 τῆς

95 2701 297 2790 ἐλευθερίας.
340 2701 487 2786 Ἐγίνετο
520 2713 636 2769 ταῦτα·
677 2700 733 2767 καὶ
770 2701 883 2787 ἐπειδὴ
915 2712 1021 2771 πᾶσαι
1052 2708 1114 2792 τὴν

59 2355 80 2418 3

59 2442 85 2480 20

95 2810 209 2894 φυγὴν
226 2821 294 2875 τῶν
312 2810 490 2896 τυράννων
508 2810 545 2874 αί
561 2818 706 2896 φρῖιτραι
723 2812 1006 2895 κατεψηφίσαντο,
1030 2833 1113 2896 παρ-

59 2916 207 2981 εεελθὼν
243 2917 344 2982 πόλιν
382 2915 399 2982 ὁ
432 2920 582 3002 Βροῦτος
616 2915 716 2999 λέγει·
761 2910 892 3001 Ἐπειδὴ
925 2918 966 2982 τδι
997 2930 1113 3005 πρῶτα

166 3116 184 3164 4
202 3109 350 3171 λύπαις-
365 3106 410 3172 αἷς
428 3106 479 3178 μὲν
495 3140 528 3149 -
543 3107 588 3171 αἷς
607 3106 638 3163 δὲ
658 3125 680 3162 ο.
697 3107 801 3163 Reiske
864 3114 878 3162 7
899 3108 1112 3172 συνειςέπιπτον

95 3199 118 3237 ο.
134 3180 257 3250 Sylburg
272 3184 276 3251 Ι
293 3179 432 3251 δράσαιΒ
464 3179 600 3248 δράσαντι
613 3180 639 3233 R
671 3179 803 3251 δροίσοντι
818 3196 840 3233 ο.
855 3179 960 3236 Reiske
1003 3189 1037 3238 10
1052 3179 1112 3237 ἐπι-

95 3255 209 3325 βουλαῖς
226 3253 252 3306 A
289 3247 431 3324 ἐπιβολαῖς
448 3249 497 3305 Bc
517 3254 545 3306 eb
563 3251 667 3313 Reiske
760 3257 792 3306 15
812 3249 902 3306 δοθὲν
920 3251 967 3306 Ba
1003 3251 1111 3324 δοχθὲν

94 3324 170 3378 ABb
206 3321 315 3392 ταχθὲν
333 3322 418 3392 vulgo
455 3321 633 3393 προςταχθὲν
651 3322 697 3376 vel
715 3319 862 3391 προταθὲν
881 3339 903 3378 ο,
923 3321 1037 3393 Reiske‚
1057 3324 1109 3379 del.

95 3393 185 3450 cobet
203 3395 268 3450 Obs.
289 3413 316 3463 p.
331 3400 364 3448 92
440 3400 474 3448 21
493 3394 543 3456 τάς
563 3393 627 3449 add.
645 3395 668 3447 B
741 3399 775 3448 22
794 3392 844 3448 καί
863 3392 926 3450 add.
945 3394 969 3448 B
985 3399 990 3465 Ι
1006 3395 1109 3466 ἀρξατο

94 3464 140 3519 Ba
211 3474 245 3522 23
264 3465 316 3535 τὴν
336 3465 390 3519 del.
411 3465 499 3520 Cobet
517 3465 583 3521 obs.
602 3484 629 3535 p.
644 3471 678 3519 92
