2414 3840
476 188 641 239 -Ε-
1002 181 1068 248 213

42 330 44 341 Ι
99 347 210 429 τερίζειν·
240 347 420 434 ἐλῄστευον
443 348 506 432 γάρ
530 344 564 425 ἐξ
587 345 699 411 αὐτῶν
721 367 809 422 τινες
833 347 912 422 τοὺς
934 343 1069 429 ὁμοτέρ-

97 472 169 532 μονας
189 454 310 541 ἀγροὺς
337 454 401 520 ὑπὸ
428 463 496 519 τῶν
525 454 679 518 δυνατῶν
706 451 986 536 ἀποστελλόμενοι
1013 449 1069 517 καὶ

95 561 168 626 πολλοὶ
198 564 276 639 τοὺς
307 563 479 647 γεωργοὺς
509 570 577 625 τῶν
604 555 775 644 Ῥωμαίων
807 561 985 644 ἔβλαπτον·
1032 558 1069 636 ὃς

94 659 172 752 ἀοιδή
197 669 258 753 τήν
285 668 405 751 κοινήν
433 668 582 733 σύνοδον
605 669 691 750 ἔγνω
714 676 781 732 τῶν
804 668 934 731 πόλεων
956 689 1068 750 γιγνο-

91 767 164 858 μένην
183 773 234 841 ἐπὶ
256 782 304 863 τῷ
324 776 505 858 διενεγκεῖν
524 774 651 851 ἁπάσας
669 774 730 857 τήν
748 771 824 859 περὶ
842 781 903 839 τοῦ
920 772 1095 859 πολέμοιο

90 883 186 966 δήμω,
218 881 332 949 ἐλθὼν
361 879 414 947 ἐπὶ
440 882 500 946 τὸν
527 883 694 965 σύλλογον
720 878 777 946 καὶ
803 884 906 965 λόγον
935 882 1069 965 αἰτησά-

86 1003 158 1065 μενος
182 989 273 1074 παρὰ
298 997 367 1053 τῶν
389 986 564 1074 προέδρων
587 986 711 1070 ἔλεξεν,
740 987 791 1052 ότι
813 987 983 1071 πεμφθείη
1007 983 1069 1070 μὲν

83 1084 128 1160 διδ
149 1102 206 1180 τ’ής
230 1097 360 1172 πόλεως
385 1095 590 1180 πρεσβευτής
615 1096 698 1181 πρὸς
721 1095 779 1172 τάς
802 1093 1069 1171 ἀποστελλούσας

42 1240 45 1247 -
78 1196 106 1260 τά
127 1203 283 1287 ληστήρια
315 1202 427 1278 πόλεις
454 1202 655 1285 δεησόμενος
682 1201 793 1266 αὐτῶν
822 1202 902 1278 τοὺς
929 1199 1069 1285 ἐνόχους

70 1316 127 1384 τοῖς
151 1307 351 1393 ἀδικήμασιν
378 1305 577 1393 ἐξευρούσας
604 1307 763 1375 ἐκδοῦναι
785 1310 887 1394 σφίσι
908 1310 1068 1394 τιμωρίας
1082 1328 1108 1367 10

64 1401 238 1495 ὖφίξοντας
260 1415 344 1480 κατὰ
365 1416 425 1481 τὸν
442 1417 559 1500 νόμον,
583 1414 623 1480 ὃν
642 1414 679 1480 ἐν
697 1426 768 1493 ταῖς
786 1418 973 1501 συνθήκαις
991 1416 1068 1501 ῶρι-

57 1527 129 1606 στιν,
152 1522 206 1588 ὅτε
228 1524 446 1588 συνετίθεντο
469 1522 532 1604 τήν
554 1523 682 1605 φιλίαν,
705 1519 760 1587 καὶ
779 1524 816 1587 τὸ
835 1523 954 1588 λοιπὸν
972 1521 1068 1601 ἀξιῶ-

49 1633 124 1693 θων
150 1627 344 1712 φυλάττειν,
373 1627 430 1693 ἵνα
457 1624 563 1712 μηδὲν
585 1627 760 1714 ἁμάρτημα
781 1625 916 1710 γένηται
939 1631 1066 1712 κοινόν,
1108 1704 1111 1709 ,

45 1716 70 1789 ὃ
97 1735 267 1819 διαστήσει
288 1735 351 1818 τήν
373 1756 408 1798 τε
431 1736 549 1819 φιλίαν
571 1734 682 1800 αὐτῶν
703 1730 760 1799 καὶ
780 1734 841 1816 τήν
859 1730 1067 1815 συγγένειαν.

42 1826 144 1925 ὁρῶν
174 1836 207 1905 δ’
243 1839 372 1918 ἁπάσας
404 1845 672 1924 συνεληλυθυίας
703 1841 761 1918 τάς
792 1841 904 1916 πόλεις
936 1837 990 1905 ἐπὶ
1021 1846 1066 1928 τῷ
1080 1821 1115 1936 ‘11⁶

42 1948 135 2012 κατά
153 1941 325 2030 Ῥωμαίων
351 1944 485 2035 πολέμῳ
512 1945 568 2012 καὶ
595 1945 684 2013 τοῦτ’
707 1947 743 2012 ἐκ
769 1951 904 2012 πολλῶν
928 1943 990 2031 μὲν
1012 1943 1068 2012 καὶ

42 2041 164 2119 ἄλλων
181 2055 527 2138 καταλαμβανόμενος,
546 2054 687 2138 μάλιστα
707 2050 736 2118 δ’
760 2055 809 2120 ότι
820 2052 991 2138 Ῥωμαίοις
1009 2055 1068 2139 μό-

42 2169 125 2237 νοις
156 2159 199 2225 οὐ
230 2161 456 2245 παρήγγειλαν
489 2159 542 2226 ἐπὶ
568 2161 630 2243 τήν
658 2160 784 2248 ἀγοράν
812 2171 981 2247 παρεῖναι,
1014 2184 1068 2245 γε-

42 2263 246 2352 γραμμένον
277 2264 315 2331 ἐν
346 2275 418 2343 ταῖς
449 2270 635 2351 συνθήκαις
667 2266 795 2345 ἁπάσας
826 2277 981 2353 παρεῖναι
1009 2268 1068 2344 τοῖς

42 2374 164 2450 7ιόλεις
195 2381 268 2449 ταῖς
293 2381 422 2449 κοιναῖς
449 2371 601 2459 ἀγοραῖς,
633 2374 710 2439 ὅσαι
736 2382 796 2439 τοῦ
819 2376 976 2438 Λατίνων
1002 2372 1067 2438 είσλ
1080 2392 1107 2432 ιο

42 2477 186 2563 γόνους,
213 2479 509 2564 παραγγειλάντων
536 2479 651 2558 αὐταῖς
673 2490 741 2545 τῶν
762 2479 952 2567 προέδρων,
980 2486 1067 2546 θαυ-

44 2582 180 2669 μάζειν,
207 2587 244 2650 τί
269 2585 391 2668 δήποτε
418 2587 585 2663 παθόντες
611 2586 632 2670 ή
660 2590 696 2651 τί
714 2596 912 2671 κατηγορεῖν
936 2588 1067 2671 ἔχοντες

46 2697 113 2773 τῆς
135 2694 263 2789 πόλεως
288 2691 324 2757 οἱ
344 2692 503 2778 σύνεδροι
525 2695 633 2777 μόνην
657 2693 698 2758 οὐ
720 2691 911 2780 παρέλαβον
934 2693 1065 2780 ἐκείνην

53 2790 111 2861 ἐπὶ
130 2799 189 2864 τὸν
212 2798 390 2882 σύλλογον,
414 2799 457 2883 ήν
480 2800 615 2886 πρωτην
638 2823 672 2865 τε
690 2810 807 2866 πασῶν
826 2801 894 2867 ἔδει
911 2813 1066 2888 παρεῖναι

42 2900 115 2966 *aaz
128 2907 263 2990 πρώτην
281 2896 472 2987 ἐρωτᾶσθαι
489 2907 627 2990 γνώμην
644 2905 826 2991 ἡγεμονίαν
844 2910 987 2992 ἔχουσαν
1004 2919 1066 2976 τοῦ
1079 2926 1109 2969 25

57 3003 191 3096 ἔθνους,
223 3007 263 3096 ής
294 3013 388 3095 ἔτυχε
414 3009 491 3098 παρ’
519 3012 630 3077 αὐτῶν
658 3011 802 3080 ἑκόντων
830 3013 905 3081 ἀντὶ
931 3022 1065 3084 πολλῶν

61 3111 115 3177 καὶ
132 3119 282 3202 μεγάλων
305 3118 512 3205 εὐεργεσιῶν.

129 3234 348 3309 λέλήστενονΒ
421 3239 631 3311 9λστήριαΒ
702 3248 735 3296 10
754 3245 886 3312 τιμωρίας
903 3241 974 3298 τὲΒ
1030 3249 1063 3298 13

67 3307 193 3394 1ξῖιγδνο.
214 3311 338 3393 8γ1οοις
403 3317 441 3392 Ι1ῖί
461 3261 492 3366 δδ
512 3311 624 3375 ἁπάσας
643 3311 665 3366 Ο
740 3318 771 3368 19
792 3313 976 3385 σονθηκ<εσ>
994 3312 1041 3365 Bb
1058 3314 1062 3381 Ι

68 3379 222 3524 ww}
236 3400 268 3436 m
286 3397 341 3437 ras,
361 3402 371 3436 ι
389 3382 445 3437 htt.
465 3383 511 3436 Bb
568 3389 601 3438 21
621 3383 779 3455 θαυμάζειν
800 3382 854 3454 ἔφη
873 3385 974 3437 Portus
1028 3388 1063 3437 23
