2414 3840
101 182 164 247 106
524 186 686 232 -A-

100 345 272 432 διαφέρειν
304 346 444 420 πόλεως·
480 346 645 428 Κιρκαίαν
675 339 712 408 δὲ
740 343 822 406 κατὰ
850 345 1028 427 λογισμόν,
1062 343 1115 408 ὅτι

98 461 159 518 τοῦ
178 453 396 536 Πωμεντίνου
419 450 537 514 πεδίου
561 452 718 534 μεγίστου
740 459 808 513 τῶν
830 447 905 535 περὶ
928 457 968 534 τῆ
982 452 1115 536 Λατίνῃ

99 556 153 623 καὶ
181 566 238 642 τῆς
261 557 494 639 συναπτούσης
517 555 605 639 αύτῷ
629 556 796 638 θαλάττης
819 557 923 620 ἔκειτο
948 553 985 619 έν
1007 561 1115 644 καλῷ·

99 667 169 730 ἔστι
195 661 232 728 δὲ
254 663 531 748 χερσονησοειδὴς
554 664 713 739 σκόπελος
735 661 863 745 ὑψηλὸς
885 660 1036 738 ἐπιεικῶς
1060 659 1116 727 ἐπὶ

71 777 159 835 οτοῦ
186 774 396 856 Τυρρηνικοῦ
423 768 587 852 πελάγους
613 771 777 853 κείμενος,
806 770 892 832 ἔνθα
919 769 1018 851 λόγος
1045 770 1115 852 ἔχει

98 878 229 962 Κίρκην
247 877 309 959 τῆν
323 872 441 941 Ἡλίου
460 874 630 960 θυγατέρα
648 882 855 958 κατοικῆσαι·
879 869 1006 950 καὶτὰς
1020 873 1115 940 ἀποι-

98 985 171 1060 κίας
198 980 385 1068 ἀμφοτέρας
417 978 495 1046 δυσὶ
522 991 590 1046 τῶν
616 982 747 1046 παίδων
775 981 934 1057 οίκισταῖς
962 979 1115 1065 ἀναθείς,

98 1093 263 1174 Κιρκαίαν
290 1085 352 1174 μέν
371 1087 542 1175 Ἄρροντι,
575 1091 720 1170 Σιγνίαν
749 1083 785 1152 δὲ
817 1089 919 1174 Τίτφ,
953 1084 1028 1164 δέος
1056 1088 1115 1152 ἀτε

99 1192 201 1260 οὐδὲν
229 1197 277 1260 ἔτι
305 1192 381 1281 περὶ
407 1203 465 1277 τῆς
492 1193 594 1280 ἀρχῆς
620 1195 720 1278 ἔχων,
752 1193 808 1258 διδι
830 1193 988 1277 γυναικὸς
1011 1191 1115 1278 ὕβριν

59 1320 85 1361 10
100 1301 215 1386 αὐτῆς,
243 1301 286 1384 ῆν
314 1300 332 1365 ό
360 1301 586 1387 πρεσβύτατος
613 1299 717 1364 αὐτοῦ
744 1310 812 1365 τῶν
834 1300 965 1365 παίδων
988 1297 1115 1377 Σέξτος

99 1406 303 1491 διέφθειρεν,
328 1405 536 1486 ἐξελαύνεται
558 1416 616 1491 τῆς
638 1404 668 1470 τ’
693 1405 794 1492 ἀρχῆς
816 1404 871 1470 καὶ
893 1415 951 1491 τῆς
972 1407 1158 1488 πόλεως,79ι

98 1515 386 1598 προθεσπίσαντος
416 1511 505 1599 αὐτῷ
535 1521 596 1578 τοῦ
626 1514 804 1596 δαιμονίου
834 1514 895 1596 τῆν
923 1511 1116 1597 μέλλουσαν

97 1622 300 1705 γενήσεσθαι
323 1616 398 1706 περὶ
420 1620 479 1684 τὸν
503 1613 596 1685 οίκον
620 1613 799 1703 συμφοράν
821 1623 958 1695 πολλοῖς
976 1615 1038 1702 μὲν
1057 1617 1117 1684 καὶ

64 1729 212 1804 2ἀλλοις
240 1728 383 1809 οἰωνοῖς,
415 1728 587 1813 τελευταίῳ
612 1721 650 1790 δέ
671 1726 765 1812 τῷδε.
811 1723 915 1790 αίετολ
938 1727 1117 1802 συνιόντες

59 1853 85 1894 ιι
99 1835 146 1910 είς
168 1834 227 1898 τὸν
250 1835 492 1918 παρακείμενον
514 1844 584 1909 τοῖς
602 1833 783 1915 βασιλείοις
799 1840 906 1915 κῆπον
925 1833 1023 1917 ἔαρος
1041 1833 1116 1922 ὥρα

97 1940 249 2004 νεοττιάν
273 1942 432 2004 ἔπλαττον
456 1935 509 2004 ἐπὶ
531 1946 664 2024 κορυφῇ
683 1940 836 2021 φοίνικος
853 1937 994 2021 ὑψηλοῦ.
1034 1939 1116 2004 τού-

97 2067 165 2108 των
186 2040 223 2109 δέ
241 2055 309 2109 τῶν
328 2037 447 2109 αίετῖῦν
465 2044 611 2128 ἀπτῆνας
629 2045 677 2108 έτι
694 2046 773 2121 τοὺς
791 2047 947 2120 νεοττοὺς
965 2043 1115 2128 ἐχόντων

97 2160 199 2234 γῦπες
228 2150 349 2236 ἀθρόοι
375 2150 684 2237 προσπετασθέντες
711 2151 773 2232 τῆν
800 2173 835 2215 τε
862 2151 1015 2215 νεοττιάν
1044 2152 1115 2217 διε-

98 2259 252 2344 φόρησαν
281 2255 336 2322 καὶ
363 2259 442 2333 τοὺς
468 2258 624 2334 νεοττοὺς
647 2254 842 2322 ἀπέκτειναν
864 2253 919 2321 καὶ
942 2258 1022 2334 τοὺς
1045 2260 1115 2324 αίε-

58 2385 85 2425 εο
97 2366 176 2440 τοὺς
207 2367 407 2450 προσιόντας
439 2363 503 2428 ἀπὸ
535 2372 597 2447 τῆς,
623 2371 727 2447 νομῆς
759 2361 958 2446 ἀμύττοντές
988 2387 1024 2429 τε
1057 2363 1115 2432 καὶ

97 2472 251 2548 παίοντες
286 2480 356 2548 τοῖς
386 2479 522 2556 ταρσοῖς
553 2469 617 2534 ἀπὸ
649 2477 710 2534 τοῦ
743 2469 896 2551 φοίνικος
927 2468 1114 2551 ἀπήλασαν.

63 2577 237 2652 3τούτους
259 2579 337 2652 τοὺς
360 2578 502 2651 οίωνοὺς
525 2576 608 2640 ίδὼν
631 2573 649 2639 ὁ
667 2575 851 2658 Ταρκύνιος
873 2572 928 2639 καὶ
947 2581 1115 2659 φυλαττό-

98 2705 207 2766 μενος,
231 2687 264 2746 εί
282 2702 352 2758 πως
370 2682 508 2747 δύναιτο
528 2682 795 2768 διακρούσασθαι
813 2681 874 2765 τῆν
893 2693 1025 2766 μοῖραν,
1050 2685 1114 2750 οὐκ

99 2793 213 2872 ίσχυσε
235 2795 367 2871 νικῆσαι
389 2789 427 2853 τὸ
450 2789 572 2873 χρεών,
604 2783 676 2853 ἀλλ’
699 2785 906 2873 ἐπιθεμένων
929 2788 1019 2875 αὐτῷ
1043 2801 1113 2855 τῶν

57 2915 84 2956 25
97 2897 277 2981 πατρικίων
301 2891 355 2959 καὶ
377 2903 438 2959 τοῦ
461 2896 570 2979 δῆμον
589 2896 888 2981 συμφρονῆσαντος
905 2893 1035 2972 ἐξέπεσε
1053 2907 1113 2981 τῆς

169 3093 184 3141 2
204 3086 281 3158 περὶ]
300 3086 370 3157 πρὸς
388 3086 433 3140 vel
453 3081 499 3141 έπλ
518 3104 541 3142 ο.
559 3086 663 3147 Reiske
724 3093 740 3142 8
759 3089 900 3156 Σιγναίαν
918 3086 940 3140 Ο
958 3097 962 3151 Ι
978 3085 1043 3151 δέος
1061 3087 1111 3144 ἀτε

96 3157 144 3212 Bb
181 3156 265 3221 δέοςα
283 3158 330 3211 Ba
366 3155 473 3220 δέοςῙδ
552 3155 892 3227 9*ύριν..τῆςῆνΒ
929 3155 1111 3230 ύβρινῆνλί

97 3237 217 3300 γαμετῆς
236 3246 259 3284 ο.
278 3229 403 3297 Βεεωεγε
422 3230 451 3282 ελ
470 3227 593 3282 Sintenis
636 3247 672 3282 m.
691 3227 772 3284 Dion.
792 3229 818 3282 ΙΙ
834 3235 866 3283 16
922 3233 956 3282 14
975 3230 1024 3284 καλ
1043 3232 1110 3285 ante

96 3304 167 3375 τῷδε
195 3299 296 3355 inserit
322 3298 426 3354 Reiske
517 3305 549 3354 15
573 3306 664 3368 κῆπον
687 3299 734 3352 Bb
771 3297 868 3366 κήπων
891 3299 938 3353 Ba
973 3298 1061 3356 τόπον
1085 3302 1126 3356 R-

134 3380 166 3428 16
186 3370 312 3434 νεοττιὰς
335 3370 357 3424 0
382 3387 451 3424 corr.
473 3369 611 3424 Bficheler
702 3376 733 3425 17
753 3371 843 3426 ἀετῶν
866 3370 930 3425 add.
955 3370 1001 3425 Bb
1076 3378 1110 3428 20

97 3441 264 3513 ἀμύττοντές
281 3460 311 3496 τε
330 3447 388 3505 τοῖς
424 3437 547 3512 ῥάμφεσι
565 3457 587 3498 ο.
607 3440 710 3496 Reiske
