2400 3848
137 183 179 248 16
562 188 725 236 -Δ-

101 348 261 423 3πόλεως
282 347 365 411 κατά
384 348 517 430 νόμους.
553 354 657 410 ταῦτα
676 345 929 430 διανοουμένων
949 346 1062 414 αὐτῶν
1082 348 1150 414 ἐπι-

136 455 239 536 γνούς
253 452 271 518 ὑ
285 453 425 529 Τύλλιος
439 450 492 517 ἐπὶ
505 453 543 517 τὸ
558 454 770 537 δημαγωγεῖν
784 451 838 518 καλ
852 455 1054 539 θεραπεύειν
1069 458 1147 532 τοὺς

137 559 283 641 ἀπόρους
300 568 368 623 τῶν
388 563 534 623 πολιτῶν
549 557 712 644 ἐτρέπετο,
732 552 776 622 δι’
790 557 926 624 ἐκείνων
941 557 1076 637 ἐλπίσας
1090 563 1151 646 την

137 665 242 750 ἀρχὴν
265 662 430 748 καθέξειν,
453 663 509 729 καὶ
532 662 736 747 συγκαλέσας
758 665 797 729 τὸ
819 669 950 747 πλῆθος
973 667 1021 743 είς
1039 665 1152 751 ἐκκλη-

111 773 215 835 ῡσίαν
242 770 283 835 τά
310 794 345 835 τε
367 772 485 835 παιδία
508 773 698 856 προήγαγεν
722 768 777 836 ἐπὶ
797 771 836 835 τὸ
859 774 949 855 βῆμα
971 770 1027 836 καὶ
1049 775 1152 857 λόγον

138 875 292 960 διεξῆλθε
313 880 452 943 τοιόνδε.

204 983 313 1050 VIIII.
345 986 462 1068 Πολλη
489 1007 529 1069 με
555 984 681 1067 ἀνάγκη
709 986 922 1068 κατείληφεν,
951 985 1071 1069 ἀνδρες
1092 999 1200 1050 rto-65·

138 1094 235 1172 λῖται,
254 1091 418 1173 κήδεσθαι
436 1101 504 1156 τῶν
522 1092 666 1155 παιδίων
685 1089 815 1155 τούτων
832 1087 888 1154 καὶ
901 1094 1040 1173 νηπίων.
1068 1095 1153 1177 Ταρ-

137 1196 253 1272 κύνιος
275 1196 339 1282 γάρ
363 1195 382 1261 δ
404 1196 536 1273 πάππος
559 1197 671 1262 αὐτῶν
692 1196 841 1281 ἀπάτορα
859 1194 916 1261 καὶ
933 1198 1053 1261 ἀπολιν
1072 1198 1153 1262 όντα

98 1320 125 1360 10
138 1325 178 1386 με
200 1302 403 1387 παραλαβὼν
427 1300 606 1387 ἐξέθρεψεν
624 1298 725 1367 οὐδὲν
744 1300 957 1387 ἐνδεέστερον
976 1303 1067 1385 ἀγων
1086 1313 1153 1368 τῶν

139 1407 243 1472 αὑτοῦ
270 1407 397 1473 τέκνων
424 1405 480 1473 καὶ
506 1408 568 1491 την
596 1406 712 1494 ἑτέραν
739 1417 807 1474 τῶν
829 1406 1028 1493 θυγατέρων
1051 1406 1158 1473 ἔδωκέ

139 1537 196 1598 μοι
219 1525 373 1597 γυναῖκα,
395 1513 452 1580 καὶ
474 1515 564 1599 παρά
588 1515 738 1599 <πάντα>
760 1515 822 1580 τὸν
844 1522 906 1580 τοῦ
928 1517 1007 1598 βίου
1029 1516 1154 1600 χρόνον

139 1621 250 1705 ὥσπερ
279 1618 312 1698 ἐξ
341 1621 446 1686 αὑτοῦ
472 1624 634 1704 γεγονότα
661 1633 766 1705 τιμῶν
793 1618 848 1686 καλ
877 1625 1001 1706 φιλῶν,
1032 1620 1077 1696 ὡς
1099 1617 1155 1684 καὶ

140 1725 234 1810 ὑμεῖς
257 1732 337 1810 ίστε,
362 1727 535 1811 διετέλεσε,
558 1725 614 1793 καλ
637 1727 750 1811 ἐπειδὴ
774 1729 814 1793 τδι
836 1725 912 1813 περὶ
934 1726 997 1809 τὴν
1020 1725 1155 1808 ἐπιβου-

100 1850 126 1890 1⁶
140 1833 203 1916 λην
230 1832 320 1921 αὐτῷ
349 1831 545 1916 συνέπεσεν,
575 1839 608 1898 εί
631 1856 663 1897 τι
689 1834 795 1898 πάθοι
822 1843 889 1897 τῶν
917 1830 1155 1917 ἀνθρωπίνων,

103 1934 213 2021 ἳέμολ
241 1938 303 2020 την
326 1936 514 2022 ἐπιμέλειαν
536 1948 603 2002 τῶν
626 1939 770 2004 παιδίων
794 1937 973 2003 ἐπίστευσε.
1018 1939 1069 2012 τίς
1092 1932 1156 2002 οὑν

139 2041 160 2126 ἢ
183 2043 265 2128 πρὸς
293 2045 397 2120 θεοὺς
425 2043 520 2108 ὅσιον
543 2042 564 2126 ἢ
587 2045 671 2127 πρὸς
694 2043 897 2129 ἀνθρώπους
920 2046 1051 2108 δίκαιον
1073 2043 1156 2108 ὑπο-

92 2233 100 2247 ,
139 2149 281 2232 λήψεταί
297 2172 347 2234 με,
368 2149 426 2214 ἐὰν
445 2150 650 2233 ἐγκαταλίπω
668 2146 723 2213 καλ
741 2150 856 2234 προδῶ
875 2151 954 2226 τούς
973 2149 1156 2234 ὀρφανούς,

140 2248 191 2332 οἷς
212 2256 376 2334 τοσαύτας
399 2256 523 2340 ὀφείλω
546 2255 695 2341 χάριτας,
730 2252 801 2320 ἀλλ’
825 2256 901 2320 ούτε
924 2256 985 2339 την
1009 2254 1156 2339 ἐμαυτοῦ

101 2383 128 2423 ιο
140 2364 306 2448 προδώσω
328 2366 441 2429 πίστιν
465 2359 545 2428 οὐδὲ
566 2363 629 2445 την
651 2372 718 2426 τῶν
738 2363 884 2426 παιδίων
904 2361 1043 2447 ἐρημίαν
1062 2360 1157 2443 ἐγκα-

138 2472 284 2547 ταλείψω
312 2470 394 2533 κατά
418 2470 563 2554 δύναμιν
585 2470 646 2553 την
669 2467 762 2552 ἐμην.
804 2468 928 2532 δίκαιοι
953 2464 984 2531 δ’
1007 2464 1079 2532 ἐστέ
1101 2464 1156 2532 καλ

139 2573 234 2657 ὑμεῖς
253 2574 501 2657 διαμεμνῆσθαι
518 2577 577 2651 τὰς
591 2575 791 2660 εὐεργεσίας,
811 2572 849 2650 ἀς
869 2572 1032 2650 ὁπάππος
1046 2573 1157 2638 αὐτῶν

139 2681 176 2744 τὸ
195 2681 312 2744 κοινὸν
331 2678 553 2764 εὐηργέτησεν
571 2678 736 2757 ὑποτάξας
754 2677 815 2765 μὲν
833 2679 914 2764 ὑμῖν
927 2681 986 2756 τάς
998 2681 1193 2750 Λατίνωνοσ

140 2786 303 2862 τοσαύτας
325 2788 439 2862 πόλεις
463 2783 738 2869 ἀντιποιουμένας
760 2795 818 2870 της
841 2785 957 2870 ἀρχῆς,
988 2784 1158 2868 ὑπηκόους

102 2907 128 2950 2⁶
143 2889 180 2956 δὲ
207 2892 349 2974 ποιησας
376 2894 570 2976 Τυρρηνοὺς
593 2892 739 2969 ἅπαντας
762 2891 918 2976 μέγιστον
942 2900 1010 2955 τῶν
1031 2892 1158 2975 περιοί-

213 3089 229 3136 3
249 3077 383 3173 ἐτράπετο
403 3099 426 3137 ο.
445 3082 588 3154 Kiessling
666 3091 681 3138 7
701 3084 747 3154 με]
768 3080 819 3153 μὲν
839 3081 864 3134 Α
927 3087 960 3170 '8
980 3081 1158 3204 καλΒνηπίων

142 3153 221 3296 ἀιῗρὺ
240 3153 411 3279 πάύάαντδά
421 3241 443 3279 ο.
459 3157 628 3279 Οέὑεάᾑθὺἶ.
638 3155 724 3294 οξάτάἀ
744 3152 1007 3278 Απῗλνξάὺίάάεάλωκε
1018 3228 1051 3311 λδ
1067 3158 1159 3302 &wlsi

142 3295 300 3421 ξοάίεὼἀῖεέἐ
325 3301 411 3420 Dio?
427 3292 737 3436 ΙάὖάλῆλΒπαῖἐδάοῗλλΒ
759 3296 895 3421 παάδίέωίάὠ
910 3294 1076 3432 ᾖεέεὐλάδςο
1097 3293 1160 3417 81ύά

143 3437 216 3492 κατά
234 3408 428 3508 τὴνδύναμιν
448 3440 471 3491 Α
544 3443 577 3492 23
597 3421 776 3507 εὐεργέτησεν
795 3436 818 3488 Β
