2414 3840
493 189 656 239 -ι-
1041 183 1082 249 89

66 346 215 432 δύναμιν
238 348 302 431 τὴν
323 347 389 413 ἀπὸ
411 348 559 431 Φιδήνης
582 348 664 412 ὅσον
688 347 781 412 ούπω
805 343 1010 433 παρέσεσθαι
1028 370 1084 412 νο-

65 456 224 538 μίζοντες.
263 448 358 518 οὗτοι
380 450 443 538 μὲν
465 454 507 537 δη
530 452 749 532 καταστάντες
772 452 946 539 ἐμάχοντο,
969 450 1024 517 καὶ
1041 448 1085 536 ἦν

66 559 249 646 ἰσόρροπος
280 559 395 637 αὐτοῖς
424 557 478 624 ἐπὶ
504 562 612 626 πολὺν
639 562 764 646 χρόνον
792 559 810 625 ό
839 559 945 642 ἀγών
987 559 1023 623 οί
1048 555 1085 625 δὲ

63 664 373 752 προαποσταλέντες
394 665 461 731 ὑπὸ
484 675 545 732 τοῦ
567 667 757 752 Ταρκυνίου
776 665 906 749 νύκτωρ
925 664 1085 751 ὑποστρέ-

64 780 189 850 ψαντες
221 771 258 838 έκ
288 781 347 857 της
375 772 458 838 ὁδοῦ
485 769 542 836 καὶ
568 774 744 856 γενόμενοι
771 772 853 837 κατά
879 772 989 836 νώτου
1016 783 1084 837 τῶν
1098 768 1129 833 τ’

64 878 228 961 Σαβίνων
260 875 414 965 ἐπῄεσαν.
459 879 599 955 τούτους
632 879 760 954 ἰδόντες
792 877 828 943 οί
856 881 1000 961 Σαβῖνοι
1027 876 1119 947 καὶ4

10 985 293 1070 τοεγνωρίσαντες
319 983 356 1050 ἐκ
383 994 450 1049 τῶν
473 984 587 1049 όπλων
607 982 664 1050 καὶ
686 983 751 1050 ἀπὸ
774 995 842 1048 τῶν
866 985 1012 1067 σημείων
1036 982 1085 1061 ἐξ·

64 1087 211 1175 έστησαν
242 1101 311 1155 τών
342 1096 512 1174 λογισμῶν
543 1087 601 1156 καὶ
632 1091 672 1154 τά
702 1091 787 1155 όπλα
816 1089 973 1176 ῥίψαντες
1000 1089 1085 1155 ἐπει-

64 1206 176 1283 ρῶντο
203 1198 322 1276 σώζειν
350 1195 497 1274 ἑαυτούς.
534 1192 578 1280 ἦν
600 1190 632 1261 δ’
654 1197 780 1282 ἀπορος
801 1196 822 1280 ἡ
846 1199 993 1282 σωτηρία
1015 1207 1085 1273 τοῖς

63 1307 203 1380 πολλοῖς
234 1299 481 1390 περιεχομένοις
512 1303 622 1390 κύκλῳ
655 1299 713 1367 ὑπ’
746 1301 894 1389 ἐχθρῶν,
929 1301 985 1368 καί
1016 1314 1083 1369 τών
1098 1323 1124 1365 10

67 1411 235 1493 Ρωμαίων
256 1408 278 1493 ἡ
301 1409 401 1486 ἵππος
424 1407 611 1492 ἐπικειμένη
634 1412 847 1493 πανταχόθεν
866 1411 989 1488 αὐτοὺς
1008 1410 1085 1476 ἀπέ-

63 1519 188 1581 κλειεν·
222 1510 301 1580 ὥστ’
322 1515 431 1599 ὀλίγοι
458 1514 520 1601 μέν
548 1537 636 1593 τινες
663 1517 821 1600 ἔφθησαν
843 1519 884 1581 τά
907 1518 1001 1582 δεινά
1023 1516 1085 1582 ὑπ-

63 1622 238 1705 εκδύντες,
267 1621 303 1687 ol
330 1618 368 1686 δὲ
394 1623 530 1698 πλείους
556 1624 785 1705 κατεκόπησαν
810 1623 875 1688 ὑπὸ
898 1632 966 1688 τών
988 1627 1085 1687 πολε-

64 1730 151 1813 μίων
187 1725 210 1810 ἢ
246 1724 438 1813 παρέδοσαν
475 1725 622 1821 ἑαυτούς.
669 1726 831 1812 ἀντέσχον
868 1724 901 1793 δ’
943 1726 1016 1793 οὐδ’
1053 1729 1088 1792 οί

63 1831 346 1916 καταλειφθέντες
375 1831 428 1900 ἐπὶ
455 1842 516 1901 τοῦ
543 1834 702 1921 χάρακος,
730 1834 813 1900 ἀλλά
841 1831 896 1900 καὶ
918 1836 956 1900 τὸ
980 1837 1085 1922 ἔρυμα
1100 1854 1126 1894 15

63 1937 151 2007 ἑάλω
183 1946 225 2024 τῇ
256 1941 370 2025 πρώτη
403 1939 530 2028 έφόδω·
573 1942 659 2005 ἔνθα
692 1942 757 2006 σύν
789 1951 859 2018 τοῖς
889 1943 988 2019 ίδίοις
1017 1951 1085 2006 τῶν

63 2048 229 2130 Σαβίνων
259 2050 403 2134 χρήμασι
430 2044 486 2112 καὶ
512 2048 552 2112 τά
570 2042 742 2132 Ῥωμαίων
766 2049 896 2114 ἅπαντα
919 2050 984 2113 σὺν
1006 2054 1085 2114 πολ-

63 2158 137 2230 λοῖς
169 2153 388 2238 αἰχμαλώτοις
410 2154 458 2218 ἐτι
481 2150 618 2238 ἀκέραια
642 2153 723 2218 όντα
745 2163 816 2230 τοῖς
839 2153 1085 2218 ἀπολωλεκόσιν

63 2259 235 2344 ἀνεσώθη.

131 2365 204 2432 LII.
223 2360 279 2442 Ὡς
301 2358 332 2430 δ’
353 2364 374 2448 η
393 2366 506 2451 πρώτη
525 2374 623 2451 πείρα
640 2373 686 2453 τῷ
705 2367 880 2452 Ταρκυνίῳ
900 2365 983 2429 κατά
1000 2374 1085 2430 νοῦν
1099 2385 1126 2425 ιο

64 2472 251 2558 ἐχώρησεν,
284 2469 462 2555 ἀναλαβὼν
490 2472 553 2555 την
581 2472 727 2556 δύναμιν
754 2465 834 2554 ἧκεν
861 2468 914 2536 ἐπὶ
942 2472 1021 2549 τοὺς
1048 2473 1085 2539 ἐν

67 2580 203 2664 Φιδήνη
237 2577 576 2663 ἐστρατοπεδευκότας
608 2589 675 2643 τών
703 2580 879 2662 Σαβίνων,
913 2571 963 2656 οἷς
991 2580 1084 2647 ούπω

64 2687 167 2769 δῆλος
185 2679 230 2767 ἦν
249 2684 354 2750 ὁτῶν
373 2681 545 2769 σφετέρων
564 2686 714 2770 όλεθρος.
748 2688 866 2769 ἔτυχον
886 2683 923 2752 δὲ
937 2686 1084 2761 κάκεῖνοι

63 2790 369 2877 προεξεληλυθότες
405 2789 442 2856 ἐκ
472 2799 534 2855 τοῦ
562 2791 706 2876 χάρακος
737 2788 793 2857 καὶ
824 2793 888 2876 ἤδη
922 2795 1016 2872 όντες
1048 2795 1085 2861 ἐν

65 2897 147 2985 ὁδῷ·
182 2897 228 2973 ὡς
252 2896 293 2980 δὴ
316 2898 459 2980 πλησίον
483 2895 639 2979 ἐγένοντο
658 2894 713 2962 καὶ
733 2892 827 2962 εἶδον
846 2895 899 2963 ἐπὶ
919 2900 1084 2986 δορατίων
1099 2917 1126 2958 2⁶

20 3003 317 3086 τοθάναπεπηχυίας
344 3003 403 3081 τάς
429 3003 575 3087 κεφαλάς
602 3013 671 3068 τῶν
699 3002 870 3090 σφετέρων
896 3004 1085 3090 ἡγεμόνων·

138 3159 233 3233 λάπδ
252 3176 360 3231 add.B
449 3184 523 3251 8τῷ
542 3182 662 3252 λογισμῷ
682 3178 705 3232 O
723 3178 877 3247 praeterB
964 3182 996 3231 11
1017 3177 1086 3232 ἁπέ-

70 3248 201 3304 κλειενΒ
239 3245 405 3302 ἀπέκλεισεν
423 3248 449 3301 R
522 3256 554 3303 12
574 3248 749 3319 ἐφθησαυΒ
787 3245 936 3317 ἐσώθησαν
953 3248 980 3299 R
1053 3253 1085 3299 15

73 3316 302 3389 καταληφθέντες
320 3316 345 3370 Α
408 3325 440 3372 21
461 3313 529 3411 ᾖμεν
549 3337 571 3374 c.
591 3318 735 3387 Kiessling
795 3327 828 3374 22
849 3315 895 3372 ἐπὶ
915 3313 1042 3380 Φιδήνην
1061 3316 1087 3367 Α

75 3457 138 3498 corr.
158 3442 321 3513 Stephanus
359 3435 405 3494 ἐπὶ
425 3402 565 3512 Φεάδήνην
584 3443 607 3496 Β
