2414 3840
99 138 141 204 38
526 144 690 195 -Δ-

98 301 201 388 μένου
230 299 267 368 δὲ
295 303 418 368 τούτου
444 311 515 380 τοίς
542 299 603 387 μὲν
630 305 804 381 πλουσίοις
830 311 901 381 τοίς
925 307 1033 370 πολλὰ
1056 306 1117 371 δα-

97 407 307 494 πανωμένοις
334 407 390 474 καὶ
416 410 580 494 μηδεμίαν
608 409 797 477 ἀνάπαυσιν
824 420 892 475 τῶν
924 415 1167 496 πολεμικῶνεεο

97 516 269 582 κινδύνων
287 517 516 600 λαμβάνουσιν
534 512 634 600 ἦττον
653 514 744 602 ἐσῄει
762 518 972 603 βαρύνεσθαι
984 521 1118 605 κυρίοις

98 647 132 687 τε
157 625 315 706 γεγονόσι
336 635 404 689 τῶν
427 627 591 708 μεγίστων
614 622 670 688 καὶ
692 633 759 690 πᾶν
780 625 818 690 τὸ
841 625 962 711 κράτος
985 625 1118 713 ἀφῄρη-

72 728 211 814 τμένοις
243 741 310 796 τῶν
342 731 386 815 μη
422 729 526 795 ταύτὰ
561 731 766 796 ποιούντων·
811 741 883 808 τοῖς
920 727 958 796 δέ
993 730 1118 816 πένησι

96 846 166 912 τοῖς
198 838 387 921 πολλοστὴν
419 839 532 922 ἔχουσι
564 847 632 903 τῶν
660 842 839 903 πολιτικῶν
869 847 991 924 μοίραν
1020 839 1117 905 εὐλο-

97 945 217 1024 γίστως
249 943 304 1009 καὶ
332 941 445 1033 πρᾴως
468 943 584 1031 φέρειν
606 945 668 1028 την
696 944 732 1010 ἐν
760 944 891 1021 τούτοις
919 944 1115 1030 ἐλάττωσιν,

98 1048 290 1134 ἀφειμένοις
316 1062 383 1116 τῶν
413 1052 582 1135 εἰσφορῶν
609 1049 754 1116 καὶτῶν
778 1060 974 1135 στρατειῶν·
1011 1060 1051 1136 τῄ
1076 1050 1116 1118 δὲ

97 1158 192 1222 πόλει
216 1161 294 1234 τοὺς
317 1158 439 1235 αὐτοὺς
462 1161 549 1242 ἐχειν
571 1160 651 1234 τοὺς
668 1155 957 1242 βουλευσομένους
974 1155 1010 1222 δ’
1029 1156 1116 1246 ὑπὲρ

59 1285 86 1325 10
99 1265 200 1348 αὐτῆς
234 1264 254 1328 ἀ
285 1265 349 1348 δεῖ,
383 1263 438 1330 καὶ
465 1267 544 1342 τοὺς
570 1275 638 1330 τῶν
665 1265 834 1330 κινδύνων
861 1268 1019 1330 πλείστου
1045 1277 1117 1332 τῶν

64 1372 211 1438 3ἀλλων
234 1373 476 1456 μεταλαχόντας
498 1370 554 1436 καὶ
577 1369 763 1457 πράξοντας
786 1372 849 1437 ὅσα
873 1373 932 1437 δεί.
974 1367 1074 1450 οὗτος
1098 1373 1118 1440 δ

97 1482 221 1562 κόσμος
247 1488 308 1544 τοῦ
335 1480 573 1562 πολιτεύματος
601 1476 654 1543 ἐπὶ
680 1480 804 1556 πολλὰς
832 1476 976 1563 διέμεινε
999 1481 1118 1561 γενεάς

97 1587 346 1670 φυλαττόμενος
377 1585 441 1651 ὑπὸ
463 1580 648 1668 Ῥωμαίων·
685 1584 723 1650 ἐν
757 1581 794 1649 δέ
823 1595 894 1662 τοίς
923 1581 1003 1650 καθ’
1030 1585 1118 1670 ἡμᾶς

97 1695 265 1777 κεκίνηται
293 1695 427 1778 χρόνοις
455 1691 510 1758 καὶ
534 1689 776 1777 μεταβέβληκεν
799 1692 847 1769 είς
869 1692 906 1757 τὸ
931 1692 1118 1776 δημοτικώ-

58 1820 84 1860 ετ
97 1823 206 1886 τερον,
231 1800 389 1883 ἀνάγκαις
407 1799 474 1865 τισί
493 1797 646 1883 βιασθεὶς
665 1800 831 1884 ίσχυραίς,
857 1797 898 1863 οὐ
916 1809 984 1863 τῶν
1003 1800 1117 1884 λόχων

97 1905 368 1988 καταλυθέντων,
401 1905 484 1970 ἀλλά
511 1915 569 1989 τῆς
600 1907 746 1988 κλῄσεως
773 1904 885 1969 αὐτῶν
914 1904 1026 1970 οὐκέτι
1053 1907 1167 1990 τὴνεσο

99 2011 239 2097 ἀρχαίαν
263 2010 435 2096 ἀκρίβειαν
458 2012 700 2095 φυλαττούσης,
721 2011 765 2087 ὡς
784 2013 893 2094 ἔγνων
911 2021 982 2088 ταῖς
1001 2011 1118 2097 ἀρχαι-

99 2118 225 2199 ρεσίαις
247 2117 358 2183 αὐτῶν
376 2117 534 2194 πολλάκις
552 2118 676 2203 παρών.
707 2111 780 2182 ἀλλ’
801 2114 885 2202 ὑπὲρ
904 2114 966 2203 μὲν
983 2119 1118 2185 τούτων

99 2223 160 2308 οὐχ
183 2224 201 2290 ὁ
225 2226 341 2311 παρὼν
364 2225 478 2311 καιρὸς
501 2223 673 2309 ἁρμόττων
695 2235 765 2301 τοῖς
788 2227 907 2308 λόγοις.

58 2350 85 2389 20
186 2333 289 2398 XXII.
327 2334 408 2398 Τότε
436 2329 466 2397 δ’
490 2326 552 2397 οὖν
581 2331 599 2397 ὁ
627 2332 767 2408 Τύλλιος
789 2331 902 2414 ἐπειδὴ
926 2329 1054 2411 διέταξε
1078 2335 1116 2400 τὸ

97 2437 174 2524 περὶ
209 2442 267 2517 τὰς
299 2443 459 2525 τιμῄσεις,
499 2440 656 2516 κελεύσας
686 2440 765 2516 τοὺς
798 2440 934 2515 πολίτας
966 2439 1116 2518 ἅπαντας

98 2550 277 2611 συνελδείν
301 2552 347 2623 είς
365 2547 402 2610 τὸ
422 2542 578 2629 μέγιστον
597 2555 664 2609 τῶν
682 2545 746 2628 πρὸ
766 2553 823 2628 τῆς
841 2547 969 2621 πόλεως
986 2546 1117 2612 πεδίων

47 2686 50 2695 ·
98 2656 235 2737 ἔχοντας
261 2654 301 2716 τά
329 2653 414 2717 ὅπλα
441 2649 496 2716 καὶ
517 2650 616 2728 τάξας
638 2651 717 2727 τούς
739 2644 776 2716 θ’
803 2651 911 2728 ίππείς
932 2654 1015 2717 κατὰ
1037 2652 1116 2738 τέλη

98 2757 254 2835 καὶτοὺς
277 2758 394 2836 πεζοὺς
416 2756 453 2822 ἐν
477 2756 623 2840 φάλαγγι
641 2754 696 2820 καὶ
718 2758 798 2833 τοὺς
816 2756 1038 2854 ἐσταλμένους
1055 2761 1118 2826 τὸν

171 2923 187 2971 3
207 2911 294 2986 ἐσῄει]
310 2911 399 2970 ἐποίει
414 2914 444 3004 Ο,
455 2914 568 2984 praeter
581 2912 604 2966 B
631 2909 711 2996 ἐπῄει
724 2913 828 3006 Reiskp
888 2920 904 2969 5
918 2916 1078 2972 ποιούντων
1094 2919 1118 2974 Ο

99 2983 717 3127 3233⁰⁶ffssss25⁰}“33⁰v}'322{·W
736 2985 1119 3116 Zssss⁰ss35⁰⁰ffesssksssm⁵9b3⁸ffi

99 3102 237 3192 τούςόεΙ.
256 3101 360 3183 Ηείελτό
420 3135 453 3183 10
472 3132 569 3182 πλεῖον
588 3144 610 3182 ο.
630 3079 797 3197 Κὶεεείίαςρ
810 3077 861 3182 vll
882 3129 1119 3200 καταπράξοντας

100 3219 123 3256 c.
143 3200 281 3255 Biicheler
317 3202 452 3255 πλείστων
476 3196 683 3269 μεταλαχόντας
706 3199 755 3254 καλ
773 3208 828 3254 τῶν
847 3200 937 3254 ἀλλων
955 3200 1118 3268 πράξοντας

100 3289 124 3328 ο.
147 3271 320 3340 Grasberger
343 3271 398 3327 1.1.
418 3291 444 3341 p.
466 3277 498 3325 19
591 3275 623 3325 16
643 3269 809 3338 κλήσεωςΒ
845 3273 961 3338 κρίσεως
983 3273 1009 3325 R
1084 3279 1118 3329 18

99 3342 260 3399 πολλάκιΒ
347 3349 380 3398 20
401 3341 592 3408 διετάξατοΑ
674 3348 709 3397 23
727 3341 825 3414 τάξας]
848 3342 884 3396 τά
903 3337 1007 3411 ἕξηςΒ
1068 3351 1119 3405 ,24

101 3410 284 3487 ἐσταλμένους
303 3410 332 3479 ἐς
350 3432 372 3469 c.
392 3413 495 3468 Reiske
