2414 3840
499 165 659 216 -5-
1021 164 1085 230 291

75 327 215 410 ἀγαθοῖς
242 324 297 391 καὶ
324 326 386 409 τήν
414 327 544 408 ἀδειαν,
572 325 615 409 ἣν
643 323 695 390 ἐπὶ
722 336 792 402 τοῖς
819 327 962 408 πρώτοις
984 325 1088 411 ἀμαρ-

74 436 216 517 τήμασιν
235 432 360 516 εὕρετο,
380 434 529 515 μείζονος
545 430 722 515 ἐπιβουλῆς
736 430 893 517 ἀφορμήν
907 429 1087 515 ποιησαμέ-

22 544 150 623 ’8σνην,
170 538 207 603 έν
225 537 331 623 ήμέρηι
349 542 506 603 καθελεῖν
525 539 676 620 ἔγνωσαν
696 545 769 624 μιᾷ·
798 536 834 601 ἐν
854 542 914 623 ίσφ
934 536 1089 614 δόξαντες

73 640 161 710 εἶναι
192 652 237 731 τῷ
271 643 398 728 μηδένα
432 645 606 726 οἰκτείρειν
637 655 704 708 τῶν
734 645 774 707 τά
801 642 915 730 μέτρια
944 642 1088 729 ἁμαρτα-

73 754 204 816 νόντων
232 750 270 814 τὸ
301 748 428 834 μηδένα
458 756 677 833 τιμωρεῖσθαι
707 759 773 813 τῶν
801 751 842 813 τά
868 749 1004 833 μέγιστα
1031 747 1114 815 καὶὸ

73 857 266 940 ἀδιόρθωτα
294 856 510 921 ἀδικούντων.
557 858 683 942 μωρίας
710 852 748 920 δὲ
776 860 900 939 πολλῆς
923 851 1009 920 είναι
1032 854 1124 923 καδ4

73 962 278 1046 ἀναλγησίας
314 965 427 1048 ἔργον
469 961 510 1026 ού
546 963 610 1045 γάρ
643 962 684 1044 δή
718 965 975 1046 φιλανθρωπίας
1007 960 1087 1027 οὐδὲ

72 1071 297 1152 μετριότητος·
343 1069 402 1132 τὸν
438 1077 505 1132 τῶν
543 1066 787 1132 ἀποικισάντων
822 1075 909 1150 σφᾶς
938 1070 1087 1152 φθόνον,

72 1171 143 1238 ἐπεὶ
166 1173 249 1258 πέρα
271 1182 332 1238 τοῦ
356 1172 492 1249 δέοντος
515 1171 629 1251 ἔδοξεν
653 1167 739 1237 εἶναι
762 1175 867 1260 βαρύς
885 1172 940 1238 καὶ
959 1173 1087 1259 ἀφόρη-

71 1301 142 1360 τος,
172 1278 233 1344 ούκ
261 1277 510 1364 ἀνασχομένους
537 1279 596 1343 τὸν
618 1290 686 1343 τῶν
709 1279 882 1363 ὁμογενῶν
905 1279 1086 1364 ὑπομένειν
1100 1298 1126 1337 1⁰

70 1385 150 1461 τούς
182 1380 210 1449 τ’
244 1384 281 1450 ἐν
314 1384 463 1450 ἐλάττοσι
497 1388 626 1469 πείραις
658 1384 876 1469 ἐλεγχθέντας
906 1390 1086 1472 πολεμίους

72 1490 246 1574 ἀφαιρέσει
268 1493 394 1568 πόλεως
418 1493 653 1575 ζημιώσαντας,
675 1492 764 1575 παρά
786 1502 854 1556 τῶν
872 1493 1029 1570 πολλάκις
1047 1494 1085 1557 τὸ

71 1608 169 1680 μῖσος
191 1596 411 1662 ἀδιάλλακτον
434 1595 704 1681 ἀποδειξαμένων
727 1598 893 1681 μηδεμίαν
912 1599 1084 1684 εἰσπράξα-

71 1708 154 1766 σθαι
178 1704 284 1786 δίκην.
320 1697 411 1767 ταῦτ’
434 1703 535 1767 είπὼν
558 1699 614 1766 καὶ
636 1703 694 1778 τάς
717 1700 914 1778 ἀποστάσεις
934 1714 1001 1767 τῶν
1015 1705 1120 1769 [λα-5

52 1801 172 1873 ’τίνων
197 1808 324 1884 ἁπάσας
346 1807 652 1892 ἐξαριθμησάμενος
670 1817 736 1870 τῶν
754 1803 787 1869 τ’
810 1805 1026 1891 ἀπολομένων
1046 1807 1083 1874 έν
1100 1826 1125 1867 ιτ

70 1925 141 1991 τοῖς
168 1915 251 1997 πρὸς
279 1914 401 1990 αὐτοὺς
422 1912 580 1997 πολέμοις
597 1909 766 1998 Ῥωμαίων
792 1914 829 1977 τὸ
852 1917 983 1996 πλῆθος
1002 1915 1084 1980 ὅσον

22 2015 113 2102 )86η’ν
132 2020 335 2104 ἀναμνήσας,
355 2020 449 2103 ἠξίου
467 2020 528 2084 τὸν
547 2019 650 2085 αὐτὸν
668 2021 793 2103 τρόπον
807 2021 992 2106 χρήσεσθαι
1007 2020 1084 2104 (καὶ

69 2127 239 2210 τούτοις>,
267 2126 308 2191 δν
335 2126 516 2211 ἐχρήσαντο
537 2121 709 2209 Ἀλβανοῖς
731 2129 910 2219 πρότερον·
941 2128 999 2204 τάς
1022 2125 1083 2212 μὲν

70 2227 134 2297 οὖν
161 2235 274 2308 πόλεις
301 2232 412 2296 αὐτῶν
440 2232 571 2297 ἀνελεῖν
598 2230 653 2297 καὶ
680 2233 742 2315 τήν
769 2232 882 2317 χώραν
910 2232 1020 2298 αὐτῶν
1043 2243 1082 2319 τῇ
1127 2279 1129 2283 1

64 2334 234 2422 Ῥωμαίων
257 2344 466 2424 προσθεῖναι,
489 2349 557 2402 τῶν
582 2333 613 2401 δ’
635 2336 826 2423 ἀνθρώπων
848 2340 927 2414 τούς
950 2335 1011 2423 μὲν
1030 2340 1082 2404 εύ-
1097 2357 1124 2398 ιο

68 2445 167 2509 νοιάν
198 2466 274 2510 τινα
305 2446 388 2528 πρὸς
420 2444 542 2522 αὐτοὺς
569 2443 852 2528 ἀποδειξαμένους
880 2446 1016 2527 ἔχοντας
1042 2448 1083 2511 τά

36 2578 37 2581 “
69 2550 214 2637 σφέτερα
236 2553 373 2627 πολίτας
394 2553 607 2634 ποιήσεσθαι,
630 2552 708 2626 τοὺς
731 2545 763 2614 δ’
782 2551 909 2626 αἰτίους
926 2559 984 2633 τῆς
1002 2550 1082 2616 ἀπο-

70 2658 224 2739 στάσεως,
248 2653 308 2740 ύφ’
327 2651 375 2721 ὧν
395 2657 431 2720 αί
447 2655 592 2722 σπονδαὶ
611 2657 831 2740 διελύθησαν,
855 2656 899 2733 ὡς
917 2659 1082 2743 προδότας

140 2854 156 2902 2
177 2847 277 2918 εύρατο
294 2848 316 2901 Β
334 2852 338 2915 Ι
354 2847 551 2918 ποιησαμένων
569 2847 592 2901 Β
649 2855 664 2903 7
684 2847 719 2917 δὴ
735 2866 788 2903 om.
803 2848 826 2900 B
842 2855 846 2914 1
864 2853 1082 2921 φιλανθρωπίας

67 2938 99 2990 γε
118 2936 141 2972 ο.
161 2918 265 2972 Reiske
328 2925 344 2973 9
365 2915 438 2990 ἐπεὶ]
459 2915 505 2973 έπλ
524 2919 545 2971 Β
615 2925 648 2974 10
667 2917 859 2990 ἀνασχόμενος
876 2920 922 2974 Ba
938 2926 941 2989 Ι
957 2931 1007 2976 τού
1026 2930 1081 2978 τῶν

67 2988 147 3043 ABO
182 2999 232 3044 τοῦ
256 2987 288 3044 δὲ
311 2989 364 3043 ΒΕ
400 2990 450 3044 τὸν
469 2988 545 3059 Omg
580 2992 679 3045 τοῦτον
702 2998 758 3044 τῶν
781 2990 926 3081 Κὶοεελὶωρ
947 2992 991 3047 Pr.
1016 2993 1080 3046 Bas.

67 3078 95 3130 p.
112 3066 145 3114 16
162 3077 166 3129 Ι
182 3057 334 3130 ἀπομένειν
352 3061 416 3122 τοὺς
433 3060 487 3113 ΑΒ
523 3061 548 3116 δ.
568 3061 618 3115 καὶ
635 3061 741 3123 τοδςΕ
772 3062 797 3114 ὑ.
816 3062 910 3124 τούςτ
937 3061 1082 3132 Kiessling

67 3131 125 3186 11.
191 3138 223 3185 12
242 3131 321 3201 παρὰ
339 3140 394 3186 τῶν
413 3133 438 3184 Α
474 3130 629 3187 πάντωνΒ
695 3139 726 3186 13
747 3129 990 3201 είσπράξεσθαιΒ
1047 3140 1079 3186 15

67 3221 97 3257 τε
117 3201 181 3256 αδδ.
201 3201 224 3255 Β
297 3209 329 3257 16
348 3201 410 3257 τότε
428 3206 539 3271 πλῆθος
558 3203 580 3257 Ο
600 3219 669 3257 corr.
689 3201 810 3272 Sylburg
872 3209 904 3257 17
924 3202 1080 3271 χρήσεσθαι

66 3272 90 3325 Β
127 3272 288 3342 χρήσασθαι
306 3273 332 3326 Ε
362 3276 429 3342 μυεῖ
446 3272 602 3344 χρήσεσθαι
621 3273 683 3329 add.
704 3273 753 3327 καλ
770 3273 880 3335 τούτοις
897 3271 1000 3326 Reiske
1028 3274 1081 3326 αύ-

67 3350 125 3406 τοῖς
142 3343 288 3414 Kiessling
322 3346 454 3406 Λατίνοις
472 3344 610 3398 Bficheler
632 3342 732 3397 inserit
819 3349 850 3397 19
871 3339 922 3397 οὖν
947 3341 1010 3395 add.
1031 3340 1078 3395 Bb

70 3421 104 3468 22
123 3417 251 3486 πολίτας]
271 3418 419 3478 πλουσίους
437 3414 488 3468 ΒΕ
505 3419 509 3484 1
525 3414 696 3484 ποιήσεσθαι
714 3414 764 3466 ΒΕ

868 3499 920 3553 ιο*
