2414 3840
135 180 201 247 214
562 183 725 233 -E-

201 344 252 410 LI.
285 346 383 410 Μετὰ
408 352 530 410 τοῦτον
550 339 721 429 Ἀρικηνοί
744 365 780 408 τε
807 344 910 427 λόγον
935 343 1102 431 αίτησάμε

134 454 344 537 κατηγόρουν
366 461 435 516 τῶν
453 447 639 536 Ῥωμαίων,
662 449 713 514 ότι
735 451 795 516 τὸν
822 451 1036 536 Τυρρηνικὸν
1057 452 1102 517 ιτό

134 583 200 644 μον
233 556 402 642 ἐπήγαγον
432 559 550 644 σφίσιν
580 558 673 633 ὄντες
700 567 873 640 συγγενεῖς
899 554 956 621 καὶ
982 553 1102 643 παρέσγ

135 666 217 730 ὅσον
253 658 310 749 ἐφ’
343 662 474 742 ἑαυτοῖς
506 663 633 741 ἁπάσας
663 664 721 740 τάς
752 665 909 728 Λατίνων
940 665 1056 740 πόλεις
1087 663 1102 730 δ

111 774 327 857 ῠῬνρρηνῶν
353 771 416 854 τήν
443 770 640 854 ἐλευθερίαν
666 770 905 855 ἀφαιρεθῆναι·
936 767 993 835 καί
1025 773 1102 858 Ταρι

134 901 208 954 νιος
243 877 261 943 ὁ
294 881 450 961 βασιλεὺς
482 877 727 961 ἀνανεούμενος
757 877 815 954 τὰς
845 873 1029 961 γενομένας
1061 877 1102 944 αδ

135 985 218 1070 πρὸς
240 987 278 1050 τὸ
300 986 418 1051 κοινὸν
441 995 509 1051 τῶν
530 987 661 1050 πόλεων
684 985 857 1068 συνθήκας
879 981 956 1069 περὶ
978 985 1096 1068 φιλίας

133 1090 190 1158 καὶ
208 1094 405 1177 συμμαχίας,
429 1091 525 1176 ἠξίου
543 1093 601 1170 τάς
618 1094 730 1168 πόλεις
743 1089 911 1175 ἐμπεδοῦν
924 1093 1005 1169 τοὺς
1018 1087 1102 1178 ὄρκο

133 1198 290 1281 κατάγειν
322 1195 352 1263 δ’
381 1198 484 1264 αὐτὸν
517 1196 570 1264 ἐπὶ
601 1199 664 1281 τήν
696 1197 814 1283 ἀργήν·
845 1200 1091 1283 Καμαριναίων

100 1301 193 1369 ιοκαλ
220 1304 415 1388 Φιδηναίων
443 1306 605 1390 φυγάδες,
634 1305 670 1370 οί
694 1299 755 1388 μὲν
777 1303 840 1388 τήν
862 1304 990 1370 ἅλωσιν
1012 1302 1102 1371 καίι

135 1412 250 1496 φυγήν
280 1419 339 1494 τής
370 1412 543 1497 πατρίδος,
577 1411 613 1481 οί
641 1406 679 1475 δὲ
705 1411 765 1476 τὸν
792 1408 1071 1496 ἀνδραποδισμὸν
1096 1435 1102 1478 ι

133 1518 196 1601 τήν
222 1518 440 1601 κατασκαφὴν
468 1517 683 1603 ὀδυρόμενοι,
715 1518 926 1600 παρεκάλουν
953 1517 1079 1596 αὐτοὺς

99 1624 196 1691 2τὸν
217 1627 372 1709 πόλεμον.
408 1629 596 1701 τελευταίος
620 1619 657 1689 δέ
679 1624 815 1688 πάντων
838 1622 856 1688 ὁ
880 1626 1073 1709 Ταρκυνίου
1095 1649 1102 1691 τ

136 1731 253 1814 δεστής
276 1734 446 1817 Μαμίλιος
473 1728 630 1817 μέγιστον
657 1729 695 1796 έν
716 1739 787 1808 τοίς
808 1732 883 1795 τότε
904 1733 1041 1816 χρόνοις
1063 1753 1102 1798 πο

94 1855 120 1898 τε
134 1847 204 1915 τοῖς
233 1840 393 1914 Λατίνοις
424 1837 611 1922 δυνάμενος
641 1835 786 1914 ἀναστάς
817 1837 947 1923 μακρὰν
978 1839 1065 1904 κατὰ
1094 1864 1102 1904 ι

134 1946 262 2022 πόλεως
285 1943 440 2028 διεξῆλθε
464 1945 681 2030 δημηγορίαν.
718 1940 993 2028 ἀπολογουμένου
1012 1940 1052 2010 δέ
1069 1966 1102 2028 πρ

134 2051 264 2116 άπαντα
291 2059 352 2116 τοῦ
380 2050 568 2136 Οὐαλερίου
594 2047 651 2116 καί
678 2051 860 2127 δοκοῦντος
875 2060 1053 2135 περιεῖναι
1082 2076 1102 2119 τ

135 2157 291 2240 δικαίοις,
315 2156 447 2240 ἐκείνην
470 2153 531 2242 μὲν
548 2157 610 2240 τήν
628 2155 756 2242 ἡμέραν
774 2158 822 2234 είς
838 2157 880 2221 τὰ
896 2163 1102 2246 κατηγορήμι

135 2262 191 2330 καὶ
223 2265 281 2341 τάς
313 2263 494 2348 ἀπολογίας
525 2261 755 2340 ἀναλώσαντες
784 2257 885 2328 οὐδέν
913 2261 1088 2349 ἐπέθηκαν

21 2377 22 2380 ’
95 2390 123 2432 ω
135 2373 242 2456 βουλή
269 2369 377 2448 τέλος·
409 2379 449 2457 πή
478 2367 515 2436 δὲ
541 2372 681 2436 κατόπιν
708 2366 819 2435 οὐκέτι
845 2372 924 2448 τοὺς
946 2375 1102 2458 πρεσβευ

135 2487 203 2543 τῶν
221 2472 391 2563 Ῥωμαίων
413 2478 450 2543 οί
468 2479 628 2564 πρόεδροι
649 2478 897 2562 προαγαγόντες
919 2475 973 2542 ἐπὶ
992 2479 1058 2544 τὸν
1075 2496 1102 2546 σε

134 2589 249 2668 λογον,
272 2584 356 2650 ἀλλά
378 2587 553 2673 Ταρκυνίῳ
577 2606 611 2649 τε
634 2580 689 2649 καὶ
707 2584 869 2671 Μαμιλίῳ
887 2581 944 2649 καὶ
962 2581 1102 2672 Ἀρικην

135 2687 190 2755 καὶ
218 2700 289 2768 τοῖς
314 2692 427 2768 ἄλλοις
448 2701 519 2769 τοῖς
541 2686 760 2774 βουλομένοις
781 2698 840 2775 τής
861 2691 990 2768 πόλεως
1011 2708 1102 2780 κατη

135 2806 209 2881 ρείν
236 2794 419 2874 ἀποδόντες
441 2800 558 2882 λόγον,
587 2797 699 2880 ἐπειδή
722 2796 857 2862 πάντων
881 2798 1068 2882 διήκουσαν
1090 2825 1102 2882 τ

95 2921 122 2964 ω
135 2905 288 2987 φίζονται
306 2905 469 2970 λελύσθαι
486 2905 545 2981 τὰς
563 2904 710 2981 σπονδάς
727 2902 793 2969 ὑπὸ
804 2899 986 2989 Ῥωμαίων,
1008 2904 1065 2972 καί
1082 2930 1102 2974 τ

135 3007 211 3096 περὶ
236 3009 423 3097 Οὐαλέριον
450 3008 629 3095 πρέσβεσιν
657 3009 833 3096 ἀπόκρισιν
860 3012 1006 3095 ἔδωκαν,
1034 3013 1088 3080 ὅτι

135 3103 294 3202 συγγενὲς
327 3117 464 3184 ἐκείνων
492 3128 562 3196 τοίς
589 3117 769 3203 ἀδικήμασι
795 3119 984 3184 λελυκότων
1011 3122 1102 3203 βουλε

206 3312 368 3383 λάρκεΐνοι
386 3311 436 3365 Ba
508 3310 594 3380 9τήν
618 3326 672 3364 om.
691 3307 769 3362 ABG
844 3316 876 3365 16
896 3305 1043 3380 έξήλθεΑ

133 3380 346 3454 παραγαγόντες
365 3381 489 3437 θὶωλεοίε
508 3381 569 3436 Em.
588 3379 670 3435 Dion.
690 3381 729 3433 111
750 3387 782 3436 22
843 3388 876 3436 23
896 3381 990 3446 ἀλλοις
1007 3389 1065 3448 τοῖς
1083 3384 1102 3457 β

135 3453 262 3525 λομὲνοις
279 3452 328 3508 BC
401 3453 494 3518 ἀλλοις
513 3451 693 3526 βουλομένοις
710 3453 735 3505 R
