<?xml version="1.0" encoding="UTF-8"?>
<!DOCTYPE html PUBLIC "-//W3C//DTD XHTML 1.0 Transitional//EN"
    "http://www.w3.org/TR/xhtml1/DTD/xhtml1-transitional.dtd">
<html xmlns="http://www.w3.org/1999/xhtml" xml:lang="en" lang="en">
 <head>
  <title>
</title>
<meta http-equiv="Content-Type" content="text/html;charset=utf-8" />
  <meta name='ocr-system' content='tesseract 3.04.00' />
  <meta name='ocr-capabilities' content='ocr_page ocr_carea ocr_par ocr_line ocrx_word'/>
</head>
<body>
  <div class='ocr_page' id='page_1' title='image "./dionysihalicarn02diongoog_0322.png"; bbox 0 0 2414 3840; ppageno 0'>
   <div class='ocr_carea' id='block_1_1' title="bbox 491 192 650 241">
    <p class='ocr_par' dir='ltr' id='par_1_1' title="bbox 491 192 650 241">
     <span class='ocr_line' id='line_1_1' title="bbox 491 192 650 241; baseline 0.006 -14"><span class='ocrx_word' id='word_1_1' title='bbox 491 192 650 241; x_wconf 85' lang='grc' dir='ltr'><strong><em>..ς-</em></strong></span> 
     </span>
    </p>
   </div>
   <div class='ocr_carea' id='block_1_2' title="bbox 22 347 1184 967">
    <p class='ocr_par' dir='ltr' id='par_1_2' title="bbox 22 347 1184 967">
     <span class='ocr_line' id='line_1_2' title="bbox 68 347 1082 436; baseline -0.005 -19"><span class='ocrx_word' id='word_1_2' title='bbox 68 348 205 436; x_wconf 83' lang='grc' dir='ltr'><strong><em>μεχέθει</em></strong></span> <span class='ocrx_word' id='word_1_3' title='bbox 236 372 270 414; x_wconf 88' lang='grc' dir='ltr'><strong><em>τε</em></strong></span> <span class='ocrx_word' id='word_1_4' title='bbox 302 349 367 433; x_wconf 76' lang='grc' dir='ltr'><strong><em>γὰρ</em></strong></span> <span class='ocrx_word' id='word_1_5' title='bbox 400 351 579 433; x_wconf 79' lang='grc' dir='ltr'><strong><em>περιβόλου</em></strong></span> <span class='ocrx_word' id='word_1_6' title='bbox 609 347 664 413; x_wconf 79' lang='grc' dir='ltr'><strong><em>καὶ</em></strong></span> <span class='ocrx_word' id='word_1_7' title='bbox 692 351 858 432; x_wconf 78' lang='grc' dir='ltr'><strong><em>πλήθεσιν</em></strong></span> <span class='ocrx_word' id='word_1_8' title='bbox 886 350 1082 434; x_wconf 73' lang='grc' dir='ltr'><strong><em>οἰκητόρων,</em></strong></span> 
     </span>
     <span class='ocr_line' id='line_1_3' title="bbox 22 453 1083 542; baseline 0 -23"><span class='ocrx_word' id='word_1_9' title='bbox 22 461 117 524; x_wconf 79' lang='grc' dir='ltr'><strong><em>ιοθέτι</em></strong></span> <span class='ocrx_word' id='word_1_10' title='bbox 150 453 187 522; x_wconf 76' lang='grc' dir='ltr'><strong><em>δέ</em></strong></span> <span class='ocrx_word' id='word_1_11' title='bbox 220 455 299 542; x_wconf 90' lang='grc' dir='ltr'><strong><em>δόξη</em></strong></span> <span class='ocrx_word' id='word_1_12' title='bbox 327 454 383 521; x_wconf 82' lang='grc' dir='ltr'><strong><em>καὶ</em></strong></span> <span class='ocrx_word' id='word_1_13' title='bbox 411 456 543 542; x_wconf 73' lang='grc' dir='ltr'><strong><em>πλούτῳ</em></strong></span> <span class='ocrx_word' id='word_1_14' title='bbox 571 458 657 520; x_wconf 87' lang='grc' dir='ltr'><strong><em>πολὺ</em></strong></span> <span class='ocrx_word' id='word_1_15' title='bbox 685 464 753 520; x_wconf 91' lang='grc' dir='ltr'><strong><em>τῶν</em></strong></span> <span class='ocrx_word' id='word_1_16' title='bbox 780 456 882 541; x_wconf 87' lang='grc' dir='ltr'><strong><em>ταύτη</em></strong></span> <span class='ocrx_word' id='word_1_17' title='bbox 910 453 1083 540; x_wconf 75' lang='grc' dir='ltr'><strong><em>ὑπερέχειν</em></strong></span> 
     </span>
     <span class='ocr_line' id='line_1_4' title="bbox 68 556 1119 647; baseline -0.003 -17"><span class='ocrx_word' id='word_1_18' title='bbox 68 564 187 646; x_wconf 87' lang='grc' dir='ltr'><strong><em>έδόκει,</em></strong></span> <span class='ocrx_word' id='word_1_19' title='bbox 206 559 262 627; x_wconf 82' lang='grc' dir='ltr'><strong><em>καὶ</em></strong></span> <span class='ocrx_word' id='word_1_20' title='bbox 280 556 323 646; x_wconf 81' lang='grc' dir='ltr'><strong><em>ἦν</em></strong></span> <span class='ocrx_word' id='word_1_21' title='bbox 343 562 452 647; x_wconf 77' lang='grc' dir='ltr'><strong><em>ὥσπερ</em></strong></span> <span class='ocrx_word' id='word_1_22' title='bbox 469 561 602 646; x_wconf 79' lang='grc' dir='ltr'><strong><em>ἡγεμὼν</em></strong></span> <span class='ocrx_word' id='word_1_23' title='bbox 620 569 681 626; x_wconf 86' lang='grc' dir='ltr'><strong><em>τοῦ</em></strong></span> <span class='ocrx_word' id='word_1_24' title='bbox 700 563 832 638; x_wconf 83' lang='grc' dir='ltr'><strong><em>ἔθνους.</em></strong></span> <span class='ocrx_word' id='word_1_25' title='bbox 870 576 1083 647; x_wconf 89' lang='grc' dir='ltr'><strong><em>περιστρατο-</em></strong></span> <span class='ocrx_word' id='word_1_26' title='bbox 1098 561 1119 627; x_wconf 84' lang='grc'>5</span> 
     </span>
     <span class='ocr_line' id='line_1_5' title="bbox 68 664 1084 753; baseline -0.005 -17"><span class='ocrx_word' id='word_1_27' title='bbox 68 670 233 746; x_wconf 88' lang='grc' dir='ltr'><strong><em>πεδεύσας</em></strong></span> <span class='ocrx_word' id='word_1_28' title='bbox 256 664 289 733; x_wconf 91' lang='grc' dir='ltr'><strong><em>δ’</em></strong></span> <span class='ocrx_word' id='word_1_29' title='bbox 316 669 422 751; x_wconf 79' lang='grc' dir='ltr'><strong><em>αὐτὴν</em></strong></span> <span class='ocrx_word' id='word_1_30' title='bbox 444 666 499 734; x_wconf 82' lang='grc' dir='ltr'><strong><em>καὶ</em></strong></span> <span class='ocrx_word' id='word_1_31' title='bbox 523 666 601 733; x_wconf 86' lang='grc' dir='ltr'><strong><em>οὐθ’</em></strong></span> <span class='ocrx_word' id='word_1_32' title='bbox 623 667 747 753; x_wconf 80' lang='grc' dir='ltr'><strong><em>ἡμέρας</em></strong></span> <span class='ocrx_word' id='word_1_33' title='bbox 771 669 848 734; x_wconf 88' lang='grc' dir='ltr'><strong><em>οὐτε</em></strong></span> <span class='ocrx_word' id='word_1_34' title='bbox 866 669 987 744; x_wconf 89' lang='grc' dir='ltr'><strong><em>νυκτὸς</em></strong></span> <span class='ocrx_word' id='word_1_35' title='bbox 1005 666 1084 732; x_wconf 87' lang='grc' dir='ltr'><strong><em>ἀνα-</em></strong></span> 
     </span>
     <span class='ocr_line' id='line_1_6' title="bbox 68 773 1108 861; baseline -0.004 -18"><span class='ocrx_word' id='word_1_36' title='bbox 68 782 182 843; x_wconf 89' lang='grc' dir='ltr'><strong><em>καλῶν</em></strong></span> <span class='ocrx_word' id='word_1_37' title='bbox 210 777 270 841; x_wconf 89' lang='grc' dir='ltr'><strong><em>τὸν</em></strong></span> <span class='ocrx_word' id='word_1_38' title='bbox 297 777 454 860; x_wconf 88' lang='grc' dir='ltr'><strong><em>στρατόν,</em></strong></span> <span class='ocrx_word' id='word_1_39' title='bbox 486 775 542 841; x_wconf 84' lang='grc' dir='ltr'><strong><em>ἵνα</em></strong></span> <span class='ocrx_word' id='word_1_40' title='bbox 570 774 698 859; x_wconf 91' lang='grc' dir='ltr'><strong><em>μηδένα</em></strong></span> <span class='ocrx_word' id='word_1_41' title='bbox 724 778 849 861; x_wconf 92' lang='grc' dir='ltr'><strong><em>χρόνον</em></strong></span> <span class='ocrx_word' id='word_1_42' title='bbox 877 776 912 840; x_wconf 84' lang='grc' dir='ltr'><strong><em>οί</em></strong></span> <span class='ocrx_word' id='word_1_43' title='bbox 932 773 1108 859; x_wconf 84' lang='grc' dir='ltr'><strong><em>πολέμιοιε</em></strong></span> 
     </span>
     <span class='ocr_line' id='line_1_7' title="bbox 70 875 1184 967; baseline -0.003 -20"><span class='ocrx_word' id='word_1_44' title='bbox 70 881 356 948; x_wconf 78' lang='grc' dir='ltr'><strong><em>διαναπαύσαιντο</em></strong></span> <span class='ocrx_word' id='word_1_45' title='bbox 382 875 463 964; x_wconf 83' lang='grc' dir='ltr'><strong><em>μηθ’</em></strong></span> <span class='ocrx_word' id='word_1_46' title='bbox 485 881 594 946; x_wconf 80' lang='grc' dir='ltr'><strong><em>ὕπνον</em></strong></span> <span class='ocrx_word' id='word_1_47' title='bbox 617 882 812 967; x_wconf 73' lang='grc' dir='ltr'><strong><em>αἱρούμενοι</em></strong></span> <span class='ocrx_word' id='word_1_48' title='bbox 835 884 914 965; x_wconf 79' lang='grc' dir='ltr'><strong><em>μήτε</em></strong></span> <span class='ocrx_word' id='word_1_49' title='bbox 937 879 1085 964; x_wconf 90' lang='grc' dir='ltr'><strong><em>πολέμου</em></strong></span> <span class='ocrx_word' id='word_1_50' title='bbox 1178 903 1184 915; x_wconf 74' lang='grc'><em>’</em></span> 
     </span>
    </p>
   </div>
   <div class='ocr_carea' id='block_1_3' title="bbox 21 986 1127 3097">
    <p class='ocr_par' dir='ltr' id='par_1_3' title="bbox 70 986 1127 1712">
     <span class='ocr_line' id='line_1_8' title="bbox 70 986 1122 1075; baseline -0.001 -20"><span class='ocrx_word' id='word_1_51' title='bbox 70 993 204 1055; x_wconf 81' lang='grc' dir='ltr'><strong><em>παῦλαν</em></strong></span> <span class='ocrx_word' id='word_1_52' title='bbox 224 989 409 1072; x_wconf 89' lang='grc' dir='ltr'><strong><em>δεχόμενοι,</em></strong></span> <span class='ocrx_word' id='word_1_53' title='bbox 428 993 512 1075; x_wconf 75' lang='grc' dir='ltr'><strong><em>λιμῶ</em></strong></span> <span class='ocrx_word' id='word_1_54' title='bbox 532 986 587 1052; x_wconf 82' lang='grc' dir='ltr'><strong><em>καὶ</em></strong></span> <span class='ocrx_word' id='word_1_55' title='bbox 606 987 774 1075; x_wconf 80' lang='grc' dir='ltr'><strong><em>ἀμηχανίᾳ</em></strong></span> <span class='ocrx_word' id='word_1_56' title='bbox 792 986 847 1052; x_wconf 79' lang='grc' dir='ltr'><strong><em>καὶ</em></strong></span> <span class='ocrx_word' id='word_1_57' title='bbox 867 987 985 1052; x_wconf 83' lang='grc' dir='ltr'><strong><em>σπάνει</em></strong></span> <span class='ocrx_word' id='word_1_58' title='bbox 1004 991 1122 1070; x_wconf 86' lang='grc' dir='ltr'><strong><em>συμ-4</em></strong></span> 
     </span>
     <span class='ocr_line' id='line_1_9' title="bbox 71 1085 1086 1181; baseline -0.003 -22"><span class='ocrx_word' id='word_1_59' title='bbox 71 1096 187 1181; x_wconf 91' lang='grc' dir='ltr'><strong><em>μάχων</em></strong></span> <span class='ocrx_word' id='word_1_60' title='bbox 214 1097 415 1179; x_wconf 82' lang='grc' dir='ltr'><strong><em>παρατείνας</em></strong></span> <span class='ocrx_word' id='word_1_61' title='bbox 442 1085 530 1159; x_wconf 82' lang='grc' dir='ltr'><strong><em>εἷλεν</em></strong></span> <span class='ocrx_word' id='word_1_62' title='bbox 558 1093 681 1170; x_wconf 88' lang='grc' dir='ltr'><strong><em>αὐτοὺς</em></strong></span> <span class='ocrx_word' id='word_1_63' title='bbox 709 1093 746 1159; x_wconf 92' lang='grc' dir='ltr'><strong><em>έν</em></strong></span> <span class='ocrx_word' id='word_1_64' title='bbox 774 1093 815 1170; x_wconf 90' lang='grc' dir='ltr'><strong><em>οὐ</em></strong></span> <span class='ocrx_word' id='word_1_65' title='bbox 837 1097 950 1181; x_wconf 77' lang='grc' dir='ltr'><strong><em>πολλςό</em></strong></span> <span class='ocrx_word' id='word_1_66' title='bbox 975 1094 1086 1178; x_wconf 80' lang='grc' dir='ltr'><strong><em>χρόνω</em></strong></span> 
     </span>
     <span class='ocr_line' id='line_1_10' title="bbox 70 1194 1088 1286; baseline -0.005 -19"><span class='ocrx_word' id='word_1_67' title='bbox 70 1201 127 1267; x_wconf 79' lang='grc' dir='ltr'><strong><em>καὶ</em></strong></span> <span class='ocrx_word' id='word_1_68' title='bbox 158 1203 238 1278; x_wconf 87' lang='grc' dir='ltr'><strong><em>τοὺς</em></strong></span> <span class='ocrx_word' id='word_1_69' title='bbox 269 1200 306 1266; x_wconf 85' lang='grc' dir='ltr'><strong><em>έν</em></strong></span> <span class='ocrx_word' id='word_1_70' title='bbox 338 1201 403 1286; x_wconf 74' lang='grc' dir='ltr'><strong><em>ἥβη</em></strong></span> <span class='ocrx_word' id='word_1_71' title='bbox 435 1200 561 1276; x_wconf 79' lang='grc' dir='ltr'><strong><em>πάντας</em></strong></span> <span class='ocrx_word' id='word_1_72' title='bbox 587 1199 801 1286; x_wconf 82' lang='grc' dir='ltr'><strong><em>κατέσφαξεν.</em></strong></span> <span class='ocrx_word' id='word_1_73' title='bbox 847 1199 1023 1285; x_wconf 82' lang='grc' dir='ltr'><strong><em>ἐπιτρέψας</em></strong></span> <span class='ocrx_word' id='word_1_74' title='bbox 1051 1194 1088 1263; x_wconf 72' lang='grc' dir='ltr'><strong><em>δὲ</em></strong></span> 
     </span>
     <span class='ocr_line' id='line_1_11' title="bbox 70 1303 1127 1398; baseline -0.001 -25"><span class='ocrx_word' id='word_1_75' title='bbox 70 1306 126 1374; x_wconf 82' lang='grc' dir='ltr'><strong><em>καὶ</em></strong></span> <span class='ocrx_word' id='word_1_76' title='bbox 151 1309 214 1373; x_wconf 88' lang='grc' dir='ltr'><strong><em>όσα</em></strong></span> <span class='ocrx_word' id='word_1_77' title='bbox 236 1303 279 1390; x_wconf 72' lang='grc' dir='ltr'><strong><em>ἦν</em></strong></span> <span class='ocrx_word' id='word_1_78' title='bbox 302 1307 450 1373; x_wconf 83' lang='grc' dir='ltr'><strong><em>ἐνταῦθα</em></strong></span> <span class='ocrx_word' id='word_1_79' title='bbox 472 1310 622 1393; x_wconf 84' lang='grc' dir='ltr'><strong><em>χρηματα</em></strong></span> <span class='ocrx_word' id='word_1_80' title='bbox 644 1318 714 1386; x_wconf 78' lang='grc' dir='ltr'><strong><em>τοῖς</em></strong></span> <span class='ocrx_word' id='word_1_81' title='bbox 737 1308 951 1398; x_wconf 76' lang='grc' dir='ltr'><strong><em>στρατιῶταις</em></strong></span> <span class='ocrx_word' id='word_1_82' title='bbox 972 1306 1089 1391; x_wconf 89' lang='grc' dir='ltr'><strong><em>φέρειν</em></strong></span> <span class='ocrx_word' id='word_1_83' title='bbox 1098 1331 1127 1372; x_wconf 78' lang='grc' dir='ltr'><strong><em>ιο</em></strong></span> 
     </span>
     <span class='ocr_line' id='line_1_12' title="bbox 71 1412 1087 1498; baseline -0.003 -18"><span class='ocrx_word' id='word_1_84' title='bbox 71 1437 106 1480; x_wconf 90' lang='grc' dir='ltr'><strong><em>τε</em></strong></span> <span class='ocrx_word' id='word_1_85' title='bbox 132 1412 189 1480; x_wconf 79' lang='grc' dir='ltr'><strong><em>καὶ</em></strong></span> <span class='ocrx_word' id='word_1_86' title='bbox 216 1415 327 1497; x_wconf 83' lang='grc' dir='ltr'><strong><em>άχειν,</em></strong></span> <span class='ocrx_word' id='word_1_87' title='bbox 357 1413 412 1479; x_wconf 81' lang='grc' dir='ltr'><strong><em>έπλ</em></strong></span> <span class='ocrx_word' id='word_1_88' title='bbox 438 1414 619 1490; x_wconf 80' lang='grc' dir='ltr'><strong><em>τάςάλλας</em></strong></span> <span class='ocrx_word' id='word_1_89' title='bbox 642 1417 754 1492; x_wconf 87' lang='grc' dir='ltr'><strong><em>πόλεις</em></strong></span> <span class='ocrx_word' id='word_1_90' title='bbox 776 1414 880 1498; x_wconf 79' lang='grc' dir='ltr'><strong><em>ἀπῆγε</em></strong></span> <span class='ocrx_word' id='word_1_91' title='bbox 903 1415 964 1498; x_wconf 82' lang='grc' dir='ltr'><strong><em>την</em></strong></span> <span class='ocrx_word' id='word_1_92' title='bbox 989 1414 1087 1478; x_wconf 93' lang='grc' dir='ltr'><strong><em>δύνα-</em></strong></span> 
     </span>
     <span class='ocr_line' id='line_1_13' title="bbox 72 1519 1089 1607; baseline -0.003 -20"><span class='ocrx_word' id='word_1_93' title='bbox 72 1545 131 1607; x_wconf 92' lang='grc' dir='ltr'><strong><em>μιν</em></strong></span> <span class='ocrx_word' id='word_1_94' title='bbox 160 1521 303 1597; x_wconf 89' lang='grc' dir='ltr'><strong><em>οὐθενὸς</em></strong></span> <span class='ocrx_word' id='word_1_95' title='bbox 331 1519 441 1586; x_wconf 91' lang='grc' dir='ltr'><strong><em>οὐκέτι</em></strong></span> <span class='ocrx_word' id='word_1_96' title='bbox 467 1531 535 1586; x_wconf 93' lang='grc' dir='ltr'><strong><em>τῶν</em></strong></span> <span class='ocrx_word' id='word_1_97' title='bbox 560 1520 785 1587; x_wconf 83' lang='grc' dir='ltr'><strong><em>Οὐολούσκων</em></strong></span> <span class='ocrx_word' id='word_1_98' title='bbox 813 1520 953 1605; x_wconf 87' lang='grc' dir='ltr'><strong><em>ἀμύνειν</em></strong></span> <span class='ocrx_word' id='word_1_99' title='bbox 976 1542 1008 1584; x_wconf 88' lang='grc' dir='ltr'><strong><em>τι</em></strong></span> <span class='ocrx_word' id='word_1_100' title='bbox 1032 1521 1089 1584; x_wconf 92' lang='grc' dir='ltr'><strong><em>δυ-</em></strong></span> 
     </span>
     <span class='ocr_line' id='line_1_14' title="bbox 72 1625 230 1712; baseline -0.019 -18"><span class='ocrx_word' id='word_1_101' title='bbox 72 1625 230 1712; x_wconf 87' lang='grc' dir='ltr'><strong><em>ναμένον.</em></strong></span> 
     </span>
    </p>

    <p class='ocr_par' dir='ltr' id='par_1_4' title="bbox 73 1728 1126 2350">
     <span class='ocr_line' id='line_1_15' title="bbox 141 1728 1091 1816; baseline 0 -18"><span class='ocrx_word' id='word_1_102' title='bbox 141 1732 243 1798; x_wconf 89' lang='grc' dir='ltr'>ΧΧΧ.</span> <span class='ocrx_word' id='word_1_103' title='bbox 272 1728 328 1808; x_wconf 80' lang='grc' dir='ltr'><strong><em>Ὡς</em></strong></span> <span class='ocrx_word' id='word_1_104' title='bbox 356 1728 393 1796; x_wconf 72' lang='grc' dir='ltr'><strong><em>δέ</em></strong></span> <span class='ocrx_word' id='word_1_105' title='bbox 415 1742 486 1809; x_wconf 77' lang='grc' dir='ltr'><strong><em>τοις</em></strong></span> <span class='ocrx_word' id='word_1_106' title='bbox 504 1729 676 1816; x_wconf 90' lang='grc' dir='ltr'><strong><em>Ῥωμαίοις</em></strong></span> <span class='ocrx_word' id='word_1_107' title='bbox 698 1731 962 1816; x_wconf 82' lang='grc' dir='ltr'><strong><em>τεταπεινωμένα</em></strong></span> <span class='ocrx_word' id='word_1_108' title='bbox 985 1729 1028 1816; x_wconf 72' lang='grc' dir='ltr'><strong><em>ἦν</em></strong></span> <span class='ocrx_word' id='word_1_109' title='bbox 1050 1735 1091 1798; x_wconf 83' lang='grc' dir='ltr'><strong><em>τά</em></strong></span> 
     </span>
     <span class='ocr_line' id='line_1_16' title="bbox 73 1837 1126 1925; baseline 0.001 -21"><span class='ocrx_word' id='word_1_110' title='bbox 73 1850 142 1904; x_wconf 88' lang='grc' dir='ltr'><strong><em>τῶν</em></strong></span> <span class='ocrx_word' id='word_1_111' title='bbox 163 1838 387 1903; x_wconf 85' lang='grc' dir='ltr'><strong><em>Οὐολούσκων</em></strong></span> <span class='ocrx_word' id='word_1_112' title='bbox 411 1839 597 1924; x_wconf 80' lang='grc' dir='ltr'><strong><em>πράγματα,</em></strong></span> <span class='ocrx_word' id='word_1_113' title='bbox 620 1839 822 1925; x_wconf 80' lang='grc' dir='ltr'><strong><em>προαγαγὼν</em></strong></span> <span class='ocrx_word' id='word_1_114' title='bbox 845 1841 924 1915; x_wconf 87' lang='grc' dir='ltr'><strong><em>τοὺς</em></strong></span> <span class='ocrx_word' id='word_1_115' title='bbox 944 1837 1090 1923; x_wconf 84' lang='grc' dir='ltr'><strong><em>ὁμήρους</em></strong></span> <span class='ocrx_word' id='word_1_116' title='bbox 1100 1864 1126 1906; x_wconf 81' lang='grc' dir='ltr'><strong><em>ιε</em></strong></span> 
     </span>
     <span class='ocr_line' id='line_1_17' title="bbox 74 1943 1091 2030; baseline -0.004 -18"><span class='ocrx_word' id='word_1_117' title='bbox 74 1946 187 2012; x_wconf 90' lang='grc' dir='ltr'><strong><em>αὐτῶν</em></strong></span> <span class='ocrx_word' id='word_1_118' title='bbox 217 1945 264 2021; x_wconf 85' lang='grc' dir='ltr'><strong><em>είς</em></strong></span> <span class='ocrx_word' id='word_1_119' title='bbox 293 1947 355 2028; x_wconf 79' lang='grc' dir='ltr'><strong><em>τὴν</em></strong></span> <span class='ocrx_word' id='word_1_120' title='bbox 383 1945 510 2030; x_wconf 83' lang='grc' dir='ltr'><strong><em>ἀχοράν</em></strong></span> <span class='ocrx_word' id='word_1_121' title='bbox 533 1945 551 2011; x_wconf 87' lang='grc' dir='ltr'>ὁ</span> <span class='ocrx_word' id='word_1_122' title='bbox 575 1945 686 2030; x_wconf 80' lang='grc' dir='ltr'><strong><em>ἕτερος</em></strong></span> <span class='ocrx_word' id='word_1_123' title='bbox 708 1956 776 2010; x_wconf 93' lang='grc' dir='ltr'><strong><em>τῶν</em></strong></span> <span class='ocrx_word' id='word_1_124' title='bbox 798 1945 935 2010; x_wconf 88' lang='grc' dir='ltr'><strong><em>ὑπάτων</em></strong></span> <span class='ocrx_word' id='word_1_125' title='bbox 950 1943 1091 2021; x_wconf 80' lang='grc' dir='ltr'><strong><em>’Ἁππιος</em></strong></span> 
     </span>
     <span class='ocr_line' id='line_1_18' title="bbox 74 2049 1091 2136; baseline -0.003 -19"><span class='ocrx_word' id='word_1_126' title='bbox 74 2053 246 2127; x_wconf 72' lang='grc' dir='ltr'><strong><em>Κλαύδιος</em></strong></span> <span class='ocrx_word' id='word_1_127' title='bbox 264 2051 388 2136; x_wconf 83' lang='grc' dir='ltr'><strong><em>ἀνδρας</em></strong></span> <span class='ocrx_word' id='word_1_128' title='bbox 406 2055 627 2135; x_wconf 87' lang='grc' dir='ltr'><strong><em>τριακοσίους,</em></strong></span> <span class='ocrx_word' id='word_1_129' title='bbox 648 2053 705 2117; x_wconf 70' lang='grc' dir='ltr'><strong><em>’ίνα</em></strong></span> <span class='ocrx_word' id='word_1_130' title='bbox 725 2049 768 2117; x_wconf 87' lang='grc' dir='ltr'><strong><em>δι’</em></strong></span> <span class='ocrx_word' id='word_1_131' title='bbox 792 2052 963 2135; x_wconf 85' lang='grc' dir='ltr'><strong><em>εὐλαβείας</em></strong></span> <span class='ocrx_word' id='word_1_132' title='bbox 983 2053 1091 2135; x_wconf 81' lang='grc' dir='ltr'><strong><em>ἔχοιεν</em></strong></span> 
     </span>
     <span class='ocr_line' id='line_1_19' title="bbox 76 2154 1091 2243; baseline -0.001 -21"><span class='ocrx_word' id='word_1_133' title='bbox 76 2158 113 2222; x_wconf 87' lang='grc' dir='ltr'><strong><em>οί</em></strong></span> <span class='ocrx_word' id='word_1_134' title='bbox 132 2154 359 2243; x_wconf 73' lang='grc' dir='ltr'><strong><em>προσθέμενοι</em></strong></span> <span class='ocrx_word' id='word_1_135' title='bbox 381 2160 479 2242; x_wconf 89' lang='grc' dir='ltr'><strong><em>σφίσι</em></strong></span> <span class='ocrx_word' id='word_1_136' title='bbox 501 2160 628 2234; x_wconf 87' lang='grc' dir='ltr'><strong><em>πίστεις</em></strong></span> <span class='ocrx_word' id='word_1_137' title='bbox 651 2157 818 2243; x_wconf 79' lang='grc' dir='ltr'><strong><em>ὁμηρειῶν</em></strong></span> <span class='ocrx_word' id='word_1_138' title='bbox 836 2158 880 2242; x_wconf 79' lang='grc' dir='ltr'><strong><em>μὴ</em></strong></span> <span class='ocrx_word' id='word_1_139' title='bbox 899 2174 1091 2241; x_wconf 89' lang='grc' dir='ltr'><strong><em>παρασπον-</em></strong></span> 
     </span>
     <span class='ocr_line' id='line_1_20' title="bbox 75 2260 1092 2350; baseline -0.001 -22"><span class='ocrx_word' id='word_1_140' title='bbox 75 2265 163 2346; x_wconf 80' lang='grc' dir='ltr'><strong><em>δεῖν,</em></strong></span> <span class='ocrx_word' id='word_1_141' title='bbox 194 2262 328 2348; x_wconf 91' lang='grc' dir='ltr'><strong><em>μάστιξί</em></strong></span> <span class='ocrx_word' id='word_1_142' title='bbox 353 2286 388 2328; x_wconf 91' lang='grc' dir='ltr'><strong><em>τε</em></strong></span> <span class='ocrx_word' id='word_1_143' title='bbox 419 2260 557 2350; x_wconf 82' lang='grc' dir='ltr'><strong><em>χήκίσατο</em></strong></span> <span class='ocrx_word' id='word_1_144' title='bbox 585 2265 721 2330; x_wconf 90' lang='grc' dir='ltr'><strong><em>πάντων</em></strong></span> <span class='ocrx_word' id='word_1_145' title='bbox 750 2263 907 2350; x_wconf 84' lang='grc' dir='ltr'><strong><em>ὁρώντων</em></strong></span> <span class='ocrx_word' id='word_1_146' title='bbox 935 2261 1092 2340; x_wconf 84' lang='grc' dir='ltr'><strong><em>καὶτοὺς</em></strong></span> 
     </span>
    </p>

    <p class='ocr_par' dir='ltr' id='par_1_5' title="bbox 21 2345 1126 3097">
     <span class='ocr_line' id='line_1_21' title="bbox 21 2345 1126 2471; baseline 0.004 -41"><span class='ocrx_word' id='word_1_147' title='bbox 21 2367 234 2463; x_wconf 19' lang='grc' dir='ltr'><strong><em>ιιοαύχένας,</em></strong></span> <span class='ocrx_word' id='word_1_148' title='bbox 250 2369 361 2434; x_wconf 90' lang='grc' dir='ltr'><strong><em>αὐτῶν</em></strong></span> <span class='ocrx_word' id='word_1_149' title='bbox 394 2367 565 2436; x_wconf 84' lang='grc' dir='ltr'><strong><em>ἐκέλευσεν</em></strong></span> <span class='ocrx_word' id='word_1_150' title='bbox 598 2371 774 2449; x_wconf 78' lang='grc' dir='ltr'><strong><em>ἀποκόψαι.</em></strong></span> <span class='ocrx_word' id='word_1_151' title='bbox 819 2368 1026 2456; x_wconf 82' lang='grc' dir='ltr'><strong><em>ἀφικομένου</em></strong></span> <span class='ocrx_word' id='word_1_152' title='bbox 1055 2394 1089 2435; x_wconf 92' lang='grc' dir='ltr'><strong><em>τε</em></strong></span> <span class='ocrx_word' id='word_1_153' title='bbox 1100 2345 1126 2471; x_wconf 58' lang='grc' dir='ltr'><strong><em>ἕο</em></strong></span> 
     </span>
     <span class='ocr_line' id='line_1_22' title="bbox 74 2474 1090 2563; baseline -0.002 -21"><span class='ocrx_word' id='word_1_154' title='bbox 74 2475 140 2542; x_wconf 89' lang='grc' dir='ltr'><strong><em>ἀπὸ</em></strong></span> <span class='ocrx_word' id='word_1_155' title='bbox 172 2484 230 2560; x_wconf 77' lang='grc' dir='ltr'><strong><em>τῆς</em></strong></span> <span class='ocrx_word' id='word_1_156' title='bbox 262 2479 434 2560; x_wconf 90' lang='grc' dir='ltr'><strong><em>στρατείας</em></strong></span> <span class='ocrx_word' id='word_1_157' title='bbox 462 2477 503 2541; x_wconf 92' lang='grc' dir='ltr'><strong><em>οὐ</em></strong></span> <span class='ocrx_word' id='word_1_158' title='bbox 530 2482 669 2556; x_wconf 77' lang='grc' dir='ltr'><strong><em>πολλαῖς</em></strong></span> <span class='ocrx_word' id='word_1_159' title='bbox 696 2478 837 2563; x_wconf 79' lang='grc' dir='ltr'><strong><em>ὕστερον</em></strong></span> <span class='ocrx_word' id='word_1_160' title='bbox 864 2474 1002 2563; x_wconf 79' lang='grc' dir='ltr'><strong><em>ἡμέραις</em></strong></span> <span class='ocrx_word' id='word_1_161' title='bbox 1029 2485 1090 2541; x_wconf 86' lang='grc' dir='ltr'><strong><em>τοῦ</em></strong></span> 
     </span>
     <span class='ocr_line' id='line_1_23' title="bbox 75 2580 1090 2671; baseline 0.001 -24"><span class='ocrx_word' id='word_1_162' title='bbox 75 2582 272 2648; x_wconf 81' lang='grc' dir='ltr'><strong><em>συνυπάτου</em></strong></span> <span class='ocrx_word' id='word_1_163' title='bbox 300 2580 355 2647; x_wconf 80' lang='grc' dir='ltr'><strong><em>καὶ</em></strong></span> <span class='ocrx_word' id='word_1_164' title='bbox 385 2583 445 2648; x_wconf 87' lang='grc' dir='ltr'><strong><em>τὸν</em></strong></span> <span class='ocrx_word' id='word_1_165' title='bbox 474 2584 617 2650; x_wconf 87' lang='grc' dir='ltr'><strong><em>είωθότα</em></strong></span> <span class='ocrx_word' id='word_1_166' title='bbox 646 2586 805 2651; x_wconf 91' lang='grc' dir='ltr'><strong><em>δίδοσθαι</em></strong></span> <span class='ocrx_word' id='word_1_167' title='bbox 831 2587 1003 2671; x_wconf 85' lang='grc' dir='ltr'><strong><em>θρίαμβον</em></strong></span> <span class='ocrx_word' id='word_1_168' title='bbox 1027 2583 1090 2648; x_wconf 86' lang='grc' dir='ltr'><strong><em>ἀπὸ</em></strong></span> 
     </span>
     <span class='ocr_line' id='line_1_24' title="bbox 74 2688 1091 2777; baseline 0.004 -24"><span class='ocrx_word' id='word_1_169' title='bbox 74 2697 133 2773; x_wconf 77' lang='grc' dir='ltr'><strong><em>τῆς</em></strong></span> <span class='ocrx_word' id='word_1_170' title='bbox 156 2692 281 2772; x_wconf 78' lang='grc' dir='ltr'><strong><em>βουλῆς</em></strong></span> <span class='ocrx_word' id='word_1_171' title='bbox 302 2699 372 2766; x_wconf 76' lang='grc' dir='ltr'><strong><em>τοῖς</em></strong></span> <span class='ocrx_word' id='word_1_172' title='bbox 395 2688 508 2773; x_wconf 83' lang='grc' dir='ltr'><strong><em>ἀγῶνα</em></strong></span> <span class='ocrx_word' id='word_1_173' title='bbox 531 2693 683 2775; x_wconf 89' lang='grc' dir='ltr'><strong><em>λαμπρὸν</em></strong></span> <span class='ocrx_word' id='word_1_174' title='bbox 707 2689 970 2777; x_wconf 74' lang='grc' dir='ltr'><strong><em>ἀγωνισαμένοις</em></strong></span> <span class='ocrx_word' id='word_1_175' title='bbox 994 2707 1091 2777; x_wconf 91' lang='grc' dir='ltr'><strong><em>στρα-</em></strong></span> 
     </span>
     <span class='ocr_line' id='line_1_25' title="bbox 73 2794 1091 2882; baseline 0.003 -22"><span class='ocrx_word' id='word_1_176' title='bbox 73 2806 189 2880; x_wconf 78' lang='grc' dir='ltr'><strong><em>τηγοῖς</em></strong></span> <span class='ocrx_word' id='word_1_177' title='bbox 212 2794 386 2874; x_wconf 85' lang='grc' dir='ltr'><strong><em>ἀξιοῦντος</em></strong></span> <span class='ocrx_word' id='word_1_178' title='bbox 410 2799 535 2879; x_wconf 78' lang='grc' dir='ltr'><strong><em>λαβεῖν,</em></strong></span> <span class='ocrx_word' id='word_1_179' title='bbox 560 2796 715 2880; x_wconf 84' lang='grc' dir='ltr'><strong><em>ἐμποδὼν</em></strong></span> <span class='ocrx_word' id='word_1_180' title='bbox 739 2797 868 2881; x_wconf 80' lang='grc' dir='ltr'><strong><em>ἐγένετο</em></strong></span> <span class='ocrx_word' id='word_1_181' title='bbox 887 2799 1091 2882; x_wconf 78' lang='grc' dir='ltr'><strong><em>στασιαστὴν</em></strong></span> 
     </span>
     <span class='ocr_line' id='line_1_26' title="bbox 75 2900 1126 2990; baseline 0.004 -24"><span class='ocrx_word' id='word_1_182' title='bbox 75 2900 252 2967; x_wconf 84' lang='grc' dir='ltr'><strong><em>ἀποκαλῶν</em></strong></span> <span class='ocrx_word' id='word_1_183' title='bbox 274 2900 330 2966; x_wconf 82' lang='grc' dir='ltr'><strong><em>καὶ</em></strong></span> <span class='ocrx_word' id='word_1_184' title='bbox 352 2905 520 2979; x_wconf 89' lang='grc' dir='ltr'><strong><em>πολιτείας</em></strong></span> <span class='ocrx_word' id='word_1_185' title='bbox 541 2912 690 2988; x_wconf 84' lang='grc' dir='ltr'><strong><em>πονηρῶς</em></strong></span> <span class='ocrx_word' id='word_1_186' title='bbox 713 2903 866 2989; x_wconf 80' lang='grc' dir='ltr'><strong><em>ἐραστήν,</em></strong></span> <span class='ocrx_word' id='word_1_187' title='bbox 890 2905 1032 2990; x_wconf 91' lang='grc' dir='ltr'><strong><em>μάλιστα</em></strong></span> <span class='ocrx_word' id='word_1_188' title='bbox 1056 2900 1087 2969; x_wconf 89' lang='grc' dir='ltr'><strong><em>δ’</em></strong></span> <span class='ocrx_word' id='word_1_189' title='bbox 1100 2928 1126 2969; x_wconf 81' lang='grc' dir='ltr'><strong><em>ει</em></strong></span> 
     </span>
     <span class='ocr_line' id='line_1_27' title="bbox 75 3006 1090 3097; baseline 0.006 -26"><span class='ocrx_word' id='word_1_190' title='bbox 75 3006 182 3072; x_wconf 86' lang='grc' dir='ltr'><strong><em>αὐτοῦ</em></strong></span> <span class='ocrx_word' id='word_1_191' title='bbox 209 3016 419 3093; x_wconf 80' lang='grc' dir='ltr'><strong><em>κατηγορῶν,</em></strong></span> <span class='ocrx_word' id='word_1_192' title='bbox 447 3008 499 3072; x_wconf 88' lang='grc' dir='ltr'><strong><em>ότι</em></strong></span> <span class='ocrx_word' id='word_1_193' title='bbox 527 3007 562 3074; x_wconf 91' lang='grc' dir='ltr'><strong><em>έκ</em></strong></span> <span class='ocrx_word' id='word_1_194' title='bbox 584 3020 651 3075; x_wconf 91' lang='grc' dir='ltr'><strong><em>τῶν</em></strong></span> <span class='ocrx_word' id='word_1_195' title='bbox 673 3018 735 3075; x_wconf 88' lang='grc' dir='ltr'><strong><em>τοῦ</em></strong></span> <span class='ocrx_word' id='word_1_196' title='bbox 757 3008 904 3095; x_wconf 85' lang='grc' dir='ltr'><strong><em>πολέμου</em></strong></span> <span class='ocrx_word' id='word_1_197' title='bbox 928 3013 1090 3097; x_wconf 81' lang='grc' dir='ltr'><strong><em>λαφύρων</em></strong></span> 
     </span>
    </p>
   </div>
   <div class='ocr_carea' id='block_1_4' title="bbox 73 3234 1090 3519">
    <p class='ocr_par' dir='ltr' id='par_1_6' title="bbox 73 3234 1090 3503">
     <span class='ocr_line' id='line_1_28' title="bbox 147 3234 1088 3310; baseline -0.002 -22"><span class='ocrx_word' id='word_1_198' title='bbox 147 3240 163 3288; x_wconf 80' lang='lat'>2</span> <span class='ocrx_word' id='word_1_199' title='bbox 187 3235 258 3289; x_wconf 77' lang='grc' dir='ltr'><strong><em>πολὺ</em></strong></span> <span class='ocrx_word' id='word_1_200' title='bbox 281 3234 383 3304; x_wconf 83' lang='grc' dir='ltr'><strong><em>ταύτης</em></strong></span> <span class='ocrx_word' id='word_1_201' title='bbox 402 3234 424 3289; x_wconf 93' lang='grc' dir='ltr'>Ο</span> <span class='ocrx_word' id='word_1_202' title='bbox 462 3237 532 3291; x_wconf 76' lang='grc' dir='ltr'><strong><em>πολὺ</em></strong></span> <span class='ocrx_word' id='word_1_203' title='bbox 555 3244 611 3292; x_wconf 87' lang='grc' dir='ltr'><strong><em>τῶν</em></strong></span> <span class='ocrx_word' id='word_1_204' title='bbox 636 3238 723 3310; x_wconf 86' lang='grc' dir='ltr'><strong><em>ταύτη</em></strong></span> <span class='ocrx_word' id='word_1_205' title='bbox 743 3256 765 3295; x_wconf 92' lang='grc' dir='ltr'><strong><em>ο.</em></strong></span> <span class='ocrx_word' id='word_1_206' title='bbox 786 3239 908 3295; x_wconf 73' lang='lat' dir='ltr'><strong>Sintenis</strong></span> <span class='ocrx_word' id='word_1_207' title='bbox 928 3239 989 3292; x_wconf 83' lang='lat' dir='ltr'><strong><em>Em.</em></strong></span> <span class='ocrx_word' id='word_1_208' title='bbox 1007 3235 1088 3289; x_wconf 84' lang='lat' dir='ltr'>Dion.</span> 
     </span>
     <span class='ocr_line' id='line_1_29' title="bbox 73 3305 1090 3388; baseline -0.001 -30"><span class='ocrx_word' id='word_1_209' title='bbox 73 3305 151 3360; x_wconf 79' lang='lat'>1128</span> <span class='ocrx_word' id='word_1_210' title='bbox 225 3305 444 3388; x_wconf 72' lang='grc' dir='ltr'><strong><em>9καταρφάξας</em></strong></span> <span class='ocrx_word' id='word_1_211' title='bbox 461 3307 487 3360; x_wconf 79' lang='grc' dir='ltr'>Α</span> <span class='ocrx_word' id='word_1_212' title='bbox 551 3314 584 3362; x_wconf 80' lang='lat'><strong><em>12</em></strong></span> <span class='ocrx_word' id='word_1_213' title='bbox 604 3309 699 3364; x_wconf 82' lang='grc' dir='ltr'><strong><em>οὐκέτι</em></strong></span> <span class='ocrx_word' id='word_1_214' title='bbox 718 3311 838 3373; x_wconf 82' lang='grc' dir='ltr'><strong><em>οὐθενὸς</em></strong></span> <span class='ocrx_word' id='word_1_215' title='bbox 856 3328 879 3365; x_wconf 86' lang='grc' dir='ltr'><strong><em>ο.</em></strong></span> <span class='ocrx_word' id='word_1_216' title='bbox 899 3307 1001 3377; x_wconf 81' lang='lat' dir='ltr'><strong>Pflugk</strong></span> <span class='ocrx_word' id='word_1_217' title='bbox 1056 3308 1090 3357; x_wconf 83' lang='lat'><strong><em>14</em></strong></span> 
     </span>
     <span class='ocr_line' id='line_1_30' title="bbox 73 3369 1089 3503; baseline -0.003 -73"><span class='ocrx_word' id='word_1_218' title='bbox 73 3369 245 3500; x_wconf 49' lang='lat' dir='ltr'><strong><em>Efflffim</em></strong></span> <span class='ocrx_word' id='word_1_219' title='bbox 265 3377 455 3503; x_wconf 56' lang='lat' dir='ltr'><strong><em>c.2}(1esshn{</em></strong></span> <span class='ocrx_word' id='word_1_220' title='bbox 488 3384 557 3502; x_wconf 81' lang='grc' dir='ltr'><strong><em>ΒΙό</em></strong></span> <span class='ocrx_word' id='word_1_221' title='bbox 576 3378 709 3451; x_wconf 77' lang='grc' dir='ltr'><strong><em>προάγων</em></strong></span> <span class='ocrx_word' id='word_1_222' title='bbox 728 3380 751 3435; x_wconf 91' lang='grc' dir='ltr'>Ο</span> <span class='ocrx_word' id='word_1_223' title='bbox 771 3397 839 3435; x_wconf 78' lang='lat' dir='ltr'>corr.</span> <span class='ocrx_word' id='word_1_224' title='bbox 859 3379 962 3435; x_wconf 77' lang='lat' dir='ltr'><strong>Reiske</strong></span> <span class='ocrx_word' id='word_1_225' title='bbox 1021 3381 1053 3430; x_wconf 86' lang='grc'><strong><em>16</em></strong></span> <span class='ocrx_word' id='word_1_226' title='bbox 1074 3372 1089 3426; x_wconf 87' lang='grc' dir='ltr'><strong><em>ὁ</em></strong></span> 
     </span>
    </p>

    <p class='ocr_par' dir='ltr' id='par_1_7' title="bbox 136 3465 470 3519">
     <span class='ocr_line' id='line_1_31' title="bbox 136 3465 470 3519; baseline 0.009 -18"><span class='ocrx_word' id='word_1_227' title='bbox 136 3489 142 3501; x_wconf 91' lang='grc'><strong>.</strong></span> <span class='ocrx_word' id='word_1_228' title='bbox 341 3465 470 3519; x_wconf 85' lang='grc' dir='ltr'><strong><em>στρατις</em></strong></span> 
     </span>
    </p>
   </div>
   <div class='ocr_carea' id='block_1_5' title="bbox 875 3535 930 3591">
    <p class='ocr_par' dir='ltr' id='par_1_8' title="bbox 875 3535 930 3591">
     <span class='ocr_line' id='line_1_32' title="bbox 875 3535 930 3591; baseline 0 0"><span class='ocrx_word' id='word_1_229' title='bbox 875 3535 930 3591; x_wconf 73' lang='lat'><strong><em>20·</em></strong></span> 
     </span>
    </p>
   </div>
   <div class='ocr_carea' id='block_1_6' title="bbox 0 0 1224 3840">
    <p class='ocr_par' dir='ltr' id='par_1_9' title="bbox 0 0 1224 3840">
     <span class='ocr_line' id='line_1_33' title="bbox 0 0 1224 3840; baseline 0 0"><span class='ocrx_word' id='word_1_230' title='bbox 0 0 1224 3840; x_wconf 95' lang='lat' dir='ltr'><strong><em> </em></strong></span> 
     </span>
    </p>
   </div>
  </div>
 </body>
</html>
