<?xml version="1.0" encoding="UTF-8"?>
<!DOCTYPE html PUBLIC "-//W3C//DTD XHTML 1.0 Transitional//EN"
    "http://www.w3.org/TR/xhtml1/DTD/xhtml1-transitional.dtd">
<html xmlns="http://www.w3.org/1999/xhtml" xml:lang="en" lang="en">
 <head>
  <title>
</title>
<meta http-equiv="Content-Type" content="text/html;charset=utf-8" />
  <meta name='ocr-system' content='tesseract 3.04.00' />
  <meta name='ocr-capabilities' content='ocr_page ocr_carea ocr_par ocr_line ocrx_word'/>
</head>
<body>
  <div class='ocr_page' id='page_1' title='image "./dionysihalicarn02diongoog_0213.png"; bbox 0 0 2414 3840; ppageno 0'>
   <div class='ocr_carea' id='block_1_1' title="bbox 91 172 685 239">
    <p class='ocr_par' dir='ltr' id='par_1_1' title="bbox 91 172 685 239">
     <span class='ocr_line' id='line_1_1' title="bbox 91 172 685 239; baseline 0.007 -3"><span class='ocrx_word' id='word_1_1' title='bbox 91 172 158 239; x_wconf 80' lang='lat'><strong><em>200</em></strong></span> <span class='ocrx_word' id='word_1_2' title='bbox 520 176 685 226; x_wconf 70' lang='grc' dir='ltr'><strong><em>-ν-</em></strong></span> 
     </span>
    </p>
   </div>
   <div class='ocr_carea' id='block_1_2' title="bbox 57 332 1094 857">
    <p class='ocr_par' dir='ltr' id='par_1_2' title="bbox 57 332 1094 857">
     <span class='ocr_line' id='line_1_2' title="bbox 92 332 1094 421; baseline 0.003 -20"><span class='ocrx_word' id='word_1_3' title='bbox 92 337 150 413; x_wconf 89' lang='grc' dir='ltr'><strong><em>τάς</em></strong></span> <span class='ocrx_word' id='word_1_4' title='bbox 176 336 327 420; x_wconf 78' lang='grc' dir='ltr'><strong><em>τάφρους</em></strong></span> <span class='ocrx_word' id='word_1_5' title='bbox 354 337 436 400; x_wconf 88' lang='grc' dir='ltr'><strong><em>κατά</em></strong></span> <span class='ocrx_word' id='word_1_6' title='bbox 462 336 570 400; x_wconf 84' lang='grc' dir='ltr'><strong><em>πολλά</em></strong></span> <span class='ocrx_word' id='word_1_7' title='bbox 597 333 679 421; x_wconf 90' lang='grc' dir='ltr'><strong><em>μέρη</em></strong></span> <span class='ocrx_word' id='word_1_8' title='bbox 698 332 755 401; x_wconf 84' lang='grc' dir='ltr'><strong><em>καὶ</em></strong></span> <span class='ocrx_word' id='word_1_9' title='bbox 779 335 953 420; x_wconf 74' lang='grc' dir='ltr'><strong><em>διέβαινον</em></strong></span> <span class='ocrx_word' id='word_1_10' title='bbox 977 337 1094 405; x_wconf 87' lang='grc' dir='ltr'><strong><em>ούδενὸ</em></strong></span> 
     </span>
     <span class='ocr_line' id='line_1_3' title="bbox 57 440 1094 529; baseline 0.001 -21"><span class='ocrx_word' id='word_1_11' title='bbox 57 445 211 527; x_wconf 69' lang='grc' dir='ltr'><strong><em>ἳσφίσιυ</em></strong></span> <span class='ocrx_word' id='word_1_12' title='bbox 242 443 397 527; x_wconf 83' lang='grc' dir='ltr'><strong><em>ἐμποδὼν</em></strong></span> <span class='ocrx_word' id='word_1_13' title='bbox 425 440 616 528; x_wconf 74' lang='grc' dir='ltr'><em>γινομένου.</em></span> <span class='ocrx_word' id='word_1_14' title='bbox 662 444 898 529; x_wconf 72' lang='grc' dir='ltr'><strong><em>παρεκάθηντο</em></strong></span> <span class='ocrx_word' id='word_1_15' title='bbox 927 441 967 510; x_wconf 66' lang='grc' dir='ltr'><strong><em>δέ</em></strong></span> <span class='ocrx_word' id='word_1_16' title='bbox 995 444 1094 529; x_wconf 81' lang='grc' dir='ltr'><strong><em>μεταξ</em></strong></span> 
     </span>
     <span class='ocr_line' id='line_1_4' title="bbox 92 545 1094 636; baseline 0.003 -21"><span class='ocrx_word' id='word_1_17' title='bbox 92 561 160 615; x_wconf 83' lang='grc' dir='ltr'><strong><em>τῶν</em></strong></span> <span class='ocrx_word' id='word_1_18' title='bbox 191 550 331 634; x_wconf 78' lang='grc' dir='ltr'><strong><em>τάφρων</em></strong></span> <span class='ocrx_word' id='word_1_19' title='bbox 362 546 418 613; x_wconf 84' lang='grc' dir='ltr'><strong><em>καὶ</em></strong></span> <span class='ocrx_word' id='word_1_20' title='bbox 449 554 517 614; x_wconf 80' lang='grc' dir='ltr'><strong><em>τῶν</em></strong></span> <span class='ocrx_word' id='word_1_21' title='bbox 546 549 873 635; x_wconf 81' lang='grc' dir='ltr'><strong><em>περισταυρωμάτων</em></strong></span> <span class='ocrx_word' id='word_1_22' title='bbox 904 551 940 617; x_wconf 88' lang='grc' dir='ltr'><strong><em>οί</em></strong></span> <span class='ocrx_word' id='word_1_23' title='bbox 962 545 1094 636; x_wconf 81' lang='grc' dir='ltr'><strong><em>Ῥωμαλι</em></strong></span> 
     </span>
     <span class='ocr_line' id='line_1_5' title="bbox 93 654 1094 742; baseline 0.002 -20"><span class='ocrx_word' id='word_1_24' title='bbox 93 659 176 722; x_wconf 86' lang='grc' dir='ltr'><strong><em>κατά</em></strong></span> <span class='ocrx_word' id='word_1_25' title='bbox 206 658 342 742; x_wconf 89' lang='grc' dir='ltr'><strong><em>σπείρας</em></strong></span> <span class='ocrx_word' id='word_1_26' title='bbox 369 655 510 740; x_wconf 86' lang='grc' dir='ltr'><strong><em>άφαυεϊς</em></strong></span> <span class='ocrx_word' id='word_1_27' title='bbox 538 656 658 720; x_wconf 61' lang='grc' dir='ltr'><strong><em>διὰτὸ</em></strong></span> <span class='ocrx_word' id='word_1_28' title='bbox 687 658 820 740; x_wconf 79' lang='grc' dir='ltr'><strong><em>σκότος,</em></strong></span> <span class='ocrx_word' id='word_1_29' title='bbox 853 654 1018 735; x_wconf 83' lang='grc' dir='ltr'><strong><em>καὶτοὺς</em></strong></span> <span class='ocrx_word' id='word_1_30' title='bbox 1046 659 1094 724; x_wconf 86' lang='grc' dir='ltr'><strong><em>διι</em></strong></span> 
     </span>
     <span class='ocr_line' id='line_1_6' title="bbox 66 761 1094 857; baseline 0.01 -35"><span class='ocrx_word' id='word_1_31' title='bbox 66 766 273 847; x_wconf 84' lang='grc' dir='ltr'><strong><em>εβαίνοντας</em></strong></span> <span class='ocrx_word' id='word_1_32' title='bbox 303 762 431 847; x_wconf 81' lang='grc' dir='ltr'><strong><em>αὐτῶν,</em></strong></span> <span class='ocrx_word' id='word_1_33' title='bbox 463 763 517 828; x_wconf 83' lang='grc' dir='ltr'><strong><em>ὅτε</em></strong></span> <span class='ocrx_word' id='word_1_34' title='bbox 539 761 694 846; x_wconf 76' lang='grc' dir='ltr'><strong><em>γένοιντο</em></strong></span> <span class='ocrx_word' id='word_1_35' title='bbox 717 763 755 828; x_wconf 79' lang='grc' dir='ltr'><strong><em>ἐν</em></strong></span> <span class='ocrx_word' id='word_1_36' title='bbox 777 766 909 857; x_wconf 50' lang='grc' dir='ltr'><strong><em>χερσίν)</em></strong></span> <span class='ocrx_word' id='word_1_37' title='bbox 937 764 1094 849; x_wconf 86' lang='grc' dir='ltr'><strong><em>έφόνευοι</em></strong></span> 
     </span>
    </p>
   </div>
   <div class='ocr_carea' id='block_1_3' title="bbox 27 865 1094 2984">
    <p class='ocr_par' dir='ltr' id='par_1_3' title="bbox 27 865 1094 2984">
     <span class='ocr_line' id='line_1_7' title="bbox 95 865 1094 959; baseline 0.003 -24"><span class='ocrx_word' id='word_1_38' title='bbox 95 868 190 957; x_wconf 91' lang='grc' dir='ltr'><strong><em>μέχρι</em></strong></span> <span class='ocrx_word' id='word_1_39' title='bbox 213 866 274 955; x_wconf 74' lang='grc' dir='ltr'><strong><em>μὲν</em></strong></span> <span class='ocrx_word' id='word_1_40' title='bbox 298 865 361 935; x_wconf 88' lang='grc' dir='ltr'><strong><em>οὖν</em></strong></span> <span class='ocrx_word' id='word_1_41' title='bbox 383 892 475 946; x_wconf 92' lang='grc' dir='ltr'><strong><em>τινος</em></strong></span> <span class='ocrx_word' id='word_1_42' title='bbox 494 869 661 935; x_wconf 79' lang='grc' dir='ltr'><strong><em>ἐλάνθανε</em></strong></span> <span class='ocrx_word' id='word_1_43' title='bbox 679 873 758 947; x_wconf 85' lang='grc' dir='ltr'><strong><em>τοὺς</em></strong></span> <span class='ocrx_word' id='word_1_44' title='bbox 776 869 940 957; x_wconf 78' lang='grc' dir='ltr'><strong><em>ὑστέρους</em></strong></span> <span class='ocrx_word' id='word_1_45' title='bbox 958 875 1094 959; x_wconf 86' lang='grc' dir='ltr'><strong><em>προσιόν</em></strong></span> 
     </span>
     <span class='ocr_line' id='line_1_8' title="bbox 94 974 1094 1062; baseline 0.002 -20"><span class='ocrx_word' id='word_1_46' title='bbox 94 1001 153 1054; x_wconf 91' lang='grc' dir='ltr'><strong><em>τας</em></strong></span> <span class='ocrx_word' id='word_1_47' title='bbox 181 976 199 1042; x_wconf 87' lang='grc' dir='ltr'>ὁ</span> <span class='ocrx_word' id='word_1_48' title='bbox 228 987 296 1041; x_wconf 84' lang='grc' dir='ltr'><strong><em>τῶν</em></strong></span> <span class='ocrx_word' id='word_1_49' title='bbox 319 974 583 1062; x_wconf 76' lang='grc' dir='ltr'><strong><em>προηγουμένων</em></strong></span> <span class='ocrx_word' id='word_1_50' title='bbox 607 977 764 1062; x_wconf 87' lang='grc' dir='ltr'><strong><em>όλεθρος·</em></strong></span> <span class='ocrx_word' id='word_1_51' title='bbox 796 975 866 1042; x_wconf 79' lang='grc' dir='ltr'><strong><em>ἐπεὶ</em></strong></span> <span class='ocrx_word' id='word_1_52' title='bbox 890 975 928 1043; x_wconf 73' lang='grc' dir='ltr'><strong><em>δέ</em></strong></span> <span class='ocrx_word' id='word_1_53' title='bbox 952 990 1027 1062; x_wconf 80' lang='grc' dir='ltr'><strong><em>φῶς</em></strong></span> <span class='ocrx_word' id='word_1_54' title='bbox 1049 978 1094 1062; x_wconf 83' lang='grc' dir='ltr'><strong><em>έγι</em></strong></span> 
     </span>
     <span class='ocr_line' id='line_1_9' title="bbox 94 1082 1094 1173; baseline 0.001 -23"><span class='ocrx_word' id='word_1_55' title='bbox 94 1107 186 1163; x_wconf 89' lang='grc' dir='ltr'><strong><em>νετοΙ</em></strong></span> <span class='ocrx_word' id='word_1_56' title='bbox 203 1086 345 1167; x_wconf 79' lang='grc' dir='ltr'><strong><em>σελήνης</em></strong></span> <span class='ocrx_word' id='word_1_57' title='bbox 375 1082 577 1167; x_wconf 85' lang='grc' dir='ltr'><strong><em>ἀνισχούσης</em></strong></span> <span class='ocrx_word' id='word_1_58' title='bbox 607 1084 642 1148; x_wconf 89' lang='grc' dir='ltr'><strong><em>οί</em></strong></span> <span class='ocrx_word' id='word_1_59' title='bbox 667 1083 904 1167; x_wconf 78' lang='grc' dir='ltr'><strong><em>πλησιάζοντες</em></strong></span> <span class='ocrx_word' id='word_1_60' title='bbox 929 1093 972 1170; x_wconf 77' lang='grc' dir='ltr'><strong><em>τῇ</em></strong></span> <span class='ocrx_word' id='word_1_61' title='bbox 999 1085 1094 1173; x_wconf 71' lang='grc' dir='ltr'><strong><em>τάφρι</em></strong></span> 
     </span>
     <span class='ocr_line' id='line_1_10' title="bbox 96 1188 1094 1277; baseline 0 -20"><span class='ocrx_word' id='word_1_62' title='bbox 96 1192 227 1277; x_wconf 90' lang='grc' dir='ltr'><strong><em>σωρούς</em></strong></span> <span class='ocrx_word' id='word_1_63' title='bbox 263 1188 299 1255; x_wconf 86' lang='grc' dir='ltr'><strong><em>θ’</em></strong></span> <span class='ocrx_word' id='word_1_64' title='bbox 336 1189 479 1276; x_wconf 84' lang='grc' dir='ltr'><strong><em>ὁρῶντες</em></strong></span> <span class='ocrx_word' id='word_1_65' title='bbox 511 1191 644 1255; x_wconf 77' lang='grc' dir='ltr'><strong><em>οἰκείων</em></strong></span> <span class='ocrx_word' id='word_1_66' title='bbox 674 1200 805 1277; x_wconf 83' lang='grc' dir='ltr'><strong><em>νεκρῶν</em></strong></span> <span class='ocrx_word' id='word_1_67' title='bbox 837 1189 915 1277; x_wconf 86' lang='grc' dir='ltr'><strong><em>παρ’</em></strong></span> <span class='ocrx_word' id='word_1_68' title='bbox 944 1191 1030 1277; x_wconf 75' lang='grc' dir='ltr'><strong><em>αὐτῇ</em></strong></span> <span class='ocrx_word' id='word_1_69' title='bbox 1061 1216 1094 1257; x_wconf 87' lang='grc' dir='ltr'><strong><em>κο</em></strong></span> 
     </span>
     <span class='ocr_line' id='line_1_11' title="bbox 57 1295 1094 1383; baseline 0.009 -28"><span class='ocrx_word' id='word_1_70' title='bbox 57 1316 84 1356; x_wconf 91' lang='lat'><strong><em>10</em></strong></span> <span class='ocrx_word' id='word_1_71' title='bbox 99 1300 200 1381; x_wconf 82' lang='grc' dir='ltr'><strong><em>στίφη</em></strong></span> <span class='ocrx_word' id='word_1_72' title='bbox 224 1299 392 1380; x_wconf 86' lang='grc' dir='ltr'><strong><em>πολεμίων</em></strong></span> <span class='ocrx_word' id='word_1_73' title='bbox 410 1298 553 1382; x_wconf 87' lang='grc' dir='ltr'><strong><em>καρτερά</em></strong></span> <span class='ocrx_word' id='word_1_74' title='bbox 571 1295 673 1381; x_wconf 86' lang='grc' dir='ltr'><strong><em>ὁμόσε</em></strong></span> <span class='ocrx_word' id='word_1_75' title='bbox 691 1305 875 1383; x_wconf 85' lang='grc' dir='ltr'><strong><em>χωροῦντα,</em></strong></span> <span class='ocrx_word' id='word_1_76' title='bbox 899 1297 1061 1382; x_wconf 77' lang='grc' dir='ltr'><strong><em>ῥίψαντες</em></strong></span> <span class='ocrx_word' id='word_1_77' title='bbox 1077 1323 1094 1364; x_wconf 91' lang='grc' dir='ltr'><strong><em>τ</em></strong></span> 
     </span>
     <span class='ocr_line' id='line_1_12' title="bbox 63 1400 1094 1490; baseline 0 -20"><span class='ocrx_word' id='word_1_78' title='bbox 63 1405 184 1470; x_wconf 74' lang='grc' dir='ltr'><strong><em>ῧὸπλα</em></strong></span> <span class='ocrx_word' id='word_1_79' title='bbox 215 1401 392 1488; x_wconf 89' lang='grc' dir='ltr'><strong><em>τρέπονται</em></strong></span> <span class='ocrx_word' id='word_1_80' title='bbox 423 1404 507 1487; x_wconf 92' lang='grc' dir='ltr'><strong><em>πρὸς</em></strong></span> <span class='ocrx_word' id='word_1_81' title='bbox 539 1406 661 1487; x_wconf 88' lang='grc' dir='ltr'><strong><em>φυγήν.</em></strong></span> <span class='ocrx_word' id='word_1_82' title='bbox 709 1405 745 1468; x_wconf 84' lang='lat' dir='ltr'><strong><em>oc</em></strong></span> <span class='ocrx_word' id='word_1_83' title='bbox 774 1400 812 1469; x_wconf 73' lang='grc' dir='ltr'><strong><em>δὲ</em></strong></span> <span class='ocrx_word' id='word_1_84' title='bbox 843 1400 1002 1489; x_wconf 79' lang='grc' dir='ltr'><strong><em>Ῥωμαῖοι</em></strong></span> <span class='ocrx_word' id='word_1_85' title='bbox 1035 1404 1094 1490; x_wconf 85' lang='grc' dir='ltr'><strong><em>μέγ</em></strong></span> 
     </span>
     <span class='ocr_line' id='line_1_13' title="bbox 98 1503 1094 1598; baseline 0.003 -23"><span class='ocrx_word' id='word_1_86' title='bbox 98 1509 357 1592; x_wconf 85' lang='grc' dir='ltr'><strong><em>ἀναβοήσαντες·</em></strong></span> <span class='ocrx_word' id='word_1_87' title='bbox 381 1503 424 1592; x_wconf 81' lang='grc' dir='ltr'><strong><em>ἦν</em></strong></span> <span class='ocrx_word' id='word_1_88' title='bbox 443 1506 480 1573; x_wconf 77' lang='grc' dir='ltr'><strong><em>δὲ</em></strong></span> <span class='ocrx_word' id='word_1_89' title='bbox 493 1518 593 1574; x_wconf 85' lang='grc' dir='ltr'><strong><em>τοῦτο</em></strong></span> <span class='ocrx_word' id='word_1_90' title='bbox 609 1509 768 1592; x_wconf 87' lang='grc' dir='ltr'><strong><em>σύνθημα</em></strong></span> <span class='ocrx_word' id='word_1_91' title='bbox 782 1520 852 1586; x_wconf 79' lang='grc' dir='ltr'><strong><em>τοῖς</em></strong></span> <span class='ocrx_word' id='word_1_92' title='bbox 866 1508 919 1576; x_wconf 76' lang='grc' dir='ltr'><strong><em>ἐπὶ</em></strong></span> <span class='ocrx_word' id='word_1_93' title='bbox 932 1520 993 1595; x_wconf 80' lang='grc' dir='ltr'><strong><em>τῆς</em></strong></span> <span class='ocrx_word' id='word_1_94' title='bbox 1007 1510 1094 1598; x_wconf 78' lang='grc' dir='ltr'><strong><em>ἑτέρα</em></strong></span> 
     </span>
     <span class='ocr_line' id='line_1_14' title="bbox 98 1613 1094 1706; baseline 0.003 -24"><span class='ocrx_word' id='word_1_95' title='bbox 98 1619 320 1702; x_wconf 76' lang='grc' dir='ltr'><strong><em>παρεμβολῆς</em></strong></span> <span class='ocrx_word' id='word_1_96' title='bbox 353 1614 565 1701; x_wconf 77' lang='grc' dir='ltr'><strong><em>ἐκτρέχουσιν</em></strong></span> <span class='ocrx_word' id='word_1_97' title='bbox 593 1613 643 1682; x_wconf 80' lang='grc' dir='ltr'><strong><em>ἐπ’</em></strong></span> <span class='ocrx_word' id='word_1_98' title='bbox 666 1617 788 1693; x_wconf 87' lang='grc' dir='ltr'><strong><em>αύτούς</em></strong></span> <span class='ocrx_word' id='word_1_99' title='bbox 815 1617 959 1695; x_wconf 82' lang='grc' dir='ltr'><strong><em>άπαντες</em></strong></span> <span class='ocrx_word' id='word_1_100' title='bbox 987 1618 1094 1706; x_wconf 88' lang='grc' dir='ltr'><strong><em>άθρόο</em></strong></span> 
     </span>
     <span class='ocr_line' id='line_1_15' title="bbox 97 1721 1094 1810; baseline 0.002 -20"><span class='ocrx_word' id='word_1_101' title='bbox 97 1721 153 1790; x_wconf 78' lang='grc' dir='ltr'><strong><em>καὶ</em></strong></span> <span class='ocrx_word' id='word_1_102' title='bbox 176 1723 419 1808; x_wconf 85' lang='grc' dir='ltr'><strong><em>ὁΛουκρήτιος</em></strong></span> <span class='ocrx_word' id='word_1_103' title='bbox 442 1723 487 1800; x_wconf 80' lang='grc' dir='ltr'><strong><em>ὡς</em></strong></span> <span class='ocrx_word' id='word_1_104' title='bbox 509 1724 633 1806; x_wconf 89' lang='grc' dir='ltr'><strong><em>ήκουσε</em></strong></span> <span class='ocrx_word' id='word_1_105' title='bbox 655 1733 714 1808; x_wconf 82' lang='grc' dir='ltr'><strong><em>τής</em></strong></span> <span class='ocrx_word' id='word_1_106' title='bbox 737 1733 884 1810; x_wconf 80' lang='grc' dir='ltr'><strong><em>κραυγῆς</em></strong></span> <span class='ocrx_word' id='word_1_107' title='bbox 906 1727 989 1802; x_wconf 87' lang='grc' dir='ltr'><strong><em>τοὺς</em></strong></span> <span class='ocrx_word' id='word_1_108' title='bbox 1012 1727 1094 1792; x_wconf 67' lang='grc' dir='ltr'><strong><em>ίππελ</em></strong></span> 
     </span>
     <span class='ocr_line' id='line_1_16' title="bbox 60 1828 1094 1917; baseline 0.008 -28"><span class='ocrx_word' id='word_1_109' title='bbox 60 1848 85 1889; x_wconf 81' lang='grc' dir='ltr'><strong><em>ιε</em></strong></span> <span class='ocrx_word' id='word_1_110' title='bbox 98 1831 364 1917; x_wconf 86' lang='grc' dir='ltr'><strong><em>προαποστείλας</em></strong></span> <span class='ocrx_word' id='word_1_111' title='bbox 401 1828 736 1914; x_wconf 80' lang='grc' dir='ltr'><strong><em>διερευνησομένους,</em></strong></span> <span class='ocrx_word' id='word_1_112' title='bbox 772 1833 817 1916; x_wconf 91' lang='grc' dir='ltr'><strong><em>μή</em></strong></span> <span class='ocrx_word' id='word_1_113' title='bbox 853 1855 903 1907; x_wconf 90' lang='grc' dir='ltr'><strong><em>τις</em></strong></span> <span class='ocrx_word' id='word_1_114' title='bbox 935 1831 1094 1917; x_wconf 82' lang='grc' dir='ltr'><strong><em>έγκάθητι</em></strong></span> 
     </span>
     <span class='ocr_line' id='line_1_17' title="bbox 99 1936 1093 2024; baseline 0.002 -21"><span class='ocrx_word' id='word_1_115' title='bbox 99 1939 267 2021; x_wconf 87' lang='grc' dir='ltr'><strong><em>πολεμίων</em></strong></span> <span class='ocrx_word' id='word_1_116' title='bbox 286 1939 396 2021; x_wconf 90' lang='grc' dir='ltr'><strong><em>λόχος,</em></strong></span> <span class='ocrx_word' id='word_1_117' title='bbox 415 1936 532 2020; x_wconf 84' lang='grc' dir='ltr'><strong><em>ὀλίγον</em></strong></span> <span class='ocrx_word' id='word_1_118' title='bbox 550 1937 693 2020; x_wconf 78' lang='grc' dir='ltr'><strong><em>ὕστερον</em></strong></span> <span class='ocrx_word' id='word_1_119' title='bbox 711 1936 895 2020; x_wconf 75' lang='grc' dir='ltr'><strong><em>ἠκολούθει</em></strong></span> <span class='ocrx_word' id='word_1_120' title='bbox 908 1941 990 2015; x_wconf 87' lang='grc' dir='ltr'><strong><em>τοὺς</em></strong></span> <span class='ocrx_word' id='word_1_121' title='bbox 1005 1939 1093 2024; x_wconf 86' lang='grc' dir='ltr'><strong><em>άκμα</em></strong></span> 
     </span>
     <span class='ocr_line' id='line_1_18' title="bbox 63 2041 1094 2127; baseline 0.003 -17"><span class='ocrx_word' id='word_1_122' title='bbox 63 2044 238 2120; x_wconf 86' lang='grc' dir='ltr'><strong><em>4οτάτους</em></strong></span> <span class='ocrx_word' id='word_1_123' title='bbox 265 2052 332 2108; x_wconf 82' lang='grc' dir='ltr'><strong><em>τῶν</em></strong></span> <span class='ocrx_word' id='word_1_124' title='bbox 360 2045 466 2120; x_wconf 85' lang='grc' dir='ltr'><strong><em>πεζῶν</em></strong></span> <span class='ocrx_word' id='word_1_125' title='bbox 490 2042 702 2127; x_wconf 80' lang='grc' dir='ltr'><strong><em>ἐπαγόμενος.</em></strong></span> <span class='ocrx_word' id='word_1_126' title='bbox 748 2041 804 2108; x_wconf 78' lang='grc' dir='ltr'><strong><em>καί</em></strong></span> <span class='ocrx_word' id='word_1_127' title='bbox 825 2045 908 2109; x_wconf 88' lang='grc' dir='ltr'><strong><em>κατά</em></strong></span> <span class='ocrx_word' id='word_1_128' title='bbox 931 2047 994 2112; x_wconf 88' lang='grc' dir='ltr'><strong><em>τὸν</em></strong></span> <span class='ocrx_word' id='word_1_129' title='bbox 1017 2046 1094 2112; x_wconf 76' lang='grc' dir='ltr'><strong><em>αύτδ</em></strong></span> 
     </span>
     <span class='ocr_line' id='line_1_19' title="bbox 99 2144 1094 2239; baseline 0.002 -23"><span class='ocrx_word' id='word_1_130' title='bbox 99 2153 223 2236; x_wconf 92' lang='grc' dir='ltr'><strong><em>χρόνον</em></strong></span> <span class='ocrx_word' id='word_1_131' title='bbox 247 2148 283 2214; x_wconf 79' lang='grc' dir='ltr'><strong><em>οἵ</em></strong></span> <span class='ocrx_word' id='word_1_132' title='bbox 301 2144 339 2213; x_wconf 90' lang='grc' dir='ltr'><strong><em>θ’</em></strong></span> <span class='ocrx_word' id='word_1_133' title='bbox 362 2149 471 2226; x_wconf 83' lang='grc' dir='ltr'><strong><em>ίππεῐς</em></strong></span> <span class='ocrx_word' id='word_1_134' title='bbox 492 2158 562 2226; x_wconf 80' lang='grc' dir='ltr'><strong><em>τοῖς</em></strong></span> <span class='ocrx_word' id='word_1_135' title='bbox 585 2148 628 2214; x_wconf 81' lang='grc' dir='ltr'><strong><em>ἐκ</em></strong></span> <span class='ocrx_word' id='word_1_136' title='bbox 642 2158 702 2234; x_wconf 85' lang='grc' dir='ltr'><strong><em>τής</em></strong></span> <span class='ocrx_word' id='word_1_137' title='bbox 718 2151 867 2234; x_wconf 91' lang='grc' dir='ltr'><strong><em>Φιδήνης</em></strong></span> <span class='ocrx_word' id='word_1_138' title='bbox 885 2156 1013 2236; x_wconf 75' lang='grc' dir='ltr'><strong><em>λοχισι</em></strong></span> <span class='ocrx_word' id='word_1_139' title='bbox 1031 2175 1094 2239; x_wconf 88' lang='grc' dir='ltr'><strong><em>περ</em></strong></span> 
     </span>
     <span class='ocr_line' id='line_1_20' title="bbox 99 2254 1094 2344; baseline 0.002 -20"><span class='ocrx_word' id='word_1_140' title='bbox 99 2260 255 2344; x_wconf 85' lang='grc' dir='ltr'><strong><em>τυχόντες</em></strong></span> <span class='ocrx_word' id='word_1_141' title='bbox 283 2254 463 2342; x_wconf 90' lang='grc' dir='ltr'><strong><em>τρέπουσιν</em></strong></span> <span class='ocrx_word' id='word_1_142' title='bbox 491 2258 539 2333; x_wconf 86' lang='grc' dir='ltr'><strong><em>είς</em></strong></span> <span class='ocrx_word' id='word_1_143' title='bbox 568 2258 682 2342; x_wconf 91' lang='grc' dir='ltr'><strong><em>φυγήν</em></strong></span> <span class='ocrx_word' id='word_1_144' title='bbox 708 2254 765 2322; x_wconf 82' lang='grc' dir='ltr'><strong><em>καὶ</em></strong></span> <span class='ocrx_word' id='word_1_145' title='bbox 789 2258 829 2324; x_wconf 84' lang='grc' dir='ltr'><strong><em>,οί</em></strong></span> <span class='ocrx_word' id='word_1_146' title='bbox 850 2255 942 2336; x_wconf 81' lang='grc' dir='ltr'><strong><em>πεζοὶ</em></strong></span> <span class='ocrx_word' id='word_1_147' title='bbox 965 2261 1048 2337; x_wconf 88' lang='grc' dir='ltr'><strong><em>τοὺς</em></strong></span> <span class='ocrx_word' id='word_1_148' title='bbox 1070 2259 1094 2326; x_wconf 79' lang='grc' dir='ltr'><strong><em>ἐι</em></strong></span> 
     </span>
     <span class='ocr_line' id='line_1_21' title="bbox 59 2362 1094 2450; baseline 0.009 -26"><span class='ocrx_word' id='word_1_149' title='bbox 59 2385 86 2424; x_wconf 81' lang='grc' dir='ltr'><strong><em>ιο</em></strong></span> <span class='ocrx_word' id='word_1_150' title='bbox 100 2367 162 2450; x_wconf 84' lang='grc' dir='ltr'><strong><em>τήν</em></strong></span> <span class='ocrx_word' id='word_1_151' title='bbox 179 2364 395 2450; x_wconf 85' lang='grc' dir='ltr'><strong><em>παρεμβολήν</em></strong></span> <span class='ocrx_word' id='word_1_152' title='bbox 415 2373 511 2447; x_wconf 82' lang='grc' dir='ltr'><strong><em>σφῶν</em></strong></span> <span class='ocrx_word' id='word_1_153' title='bbox 530 2362 757 2450; x_wconf 85' lang='grc' dir='ltr'><strong><em>ἀφικομένους</em></strong></span> <span class='ocrx_word' id='word_1_154' title='bbox 774 2367 961 2442; x_wconf 86' lang='grc' dir='ltr'><strong><em>κτείνοντες</em></strong></span> <span class='ocrx_word' id='word_1_155' title='bbox 980 2365 1094 2434; x_wconf 85' lang='grc' dir='ltr'><strong><em>έδίωκι</em></strong></span> 
     </span>
     <span class='ocr_line' id='line_1_22' title="bbox 27 2469 1093 2554; baseline 0.002 -16"><span class='ocrx_word' id='word_1_156' title='bbox 27 2522 28 2527; x_wconf 35' lang='lat'>1</span> <span class='ocrx_word' id='word_1_157' title='bbox 101 2473 178 2538; x_wconf 83' lang='grc' dir='ltr'><strong><em>ούτε</em></strong></span> <span class='ocrx_word' id='word_1_158' title='bbox 211 2472 296 2537; x_wconf 80' lang='grc' dir='ltr'><strong><em>ὅπλα</em></strong></span> <span class='ocrx_word' id='word_1_159' title='bbox 328 2471 406 2536; x_wconf 87' lang='grc' dir='ltr'><strong><em>ούτε</em></strong></span> <span class='ocrx_word' id='word_1_160' title='bbox 437 2472 564 2554; x_wconf 91' lang='grc' dir='ltr'><strong><em>κόσμον</em></strong></span> <span class='ocrx_word' id='word_1_161' title='bbox 597 2471 771 2549; x_wconf 83' lang='grc' dir='ltr'><strong><em>σώζοντας.</em></strong></span> <span class='ocrx_word' id='word_1_162' title='bbox 818 2469 855 2536; x_wconf 82' lang='grc' dir='ltr'><strong><em>ἐν</em></strong></span> <span class='ocrx_word' id='word_1_163' title='bbox 885 2472 1027 2550; x_wconf 83' lang='grc' dir='ltr'><strong><em>ταύταις</em></strong></span> <span class='ocrx_word' id='word_1_164' title='bbox 1053 2497 1093 2541; x_wconf 87' lang='grc' dir='ltr'><strong><em>τα</em></strong></span> 
     </span>
     <span class='ocr_line' id='line_1_23' title="bbox 102 2569 1094 2666; baseline 0.003 -23"><span class='ocrx_word' id='word_1_165' title='bbox 102 2580 222 2665; x_wconf 86' lang='grc' dir='ltr'><strong><em>μάχαις</em></strong></span> <span class='ocrx_word' id='word_1_166' title='bbox 245 2581 406 2662; x_wconf 89' lang='grc' dir='ltr'><strong><em>Σαβίνων</em></strong></span> <span class='ocrx_word' id='word_1_167' title='bbox 429 2599 464 2642; x_wconf 87' lang='grc' dir='ltr'><strong><em>τε</em></strong></span> <span class='ocrx_word' id='word_1_168' title='bbox 486 2574 633 2642; x_wconf 79' lang='grc' dir='ltr'><strong><em>καὶτῶν</em></strong></span> <span class='ocrx_word' id='word_1_169' title='bbox 655 2569 839 2663; x_wconf 86' lang='grc' dir='ltr'><strong><em>συμμάχων</em></strong></span> <span class='ocrx_word' id='word_1_170' title='bbox 862 2577 1040 2647; x_wconf 80' lang='grc' dir='ltr'><strong><em>ἀπέθανον</em></strong></span> <span class='ocrx_word' id='word_1_171' title='bbox 1063 2578 1094 2666; x_wconf 70' lang='grc' dir='ltr'><strong><em>μί</em></strong></span> 
     </span>
     <span class='ocr_line' id='line_1_24' title="bbox 103 2681 1094 2770; baseline 0.005 -20"><span class='ocrx_word' id='word_1_172' title='bbox 103 2682 189 2769; x_wconf 80' lang='grc' dir='ltr'><strong><em>ἀμφὶ</em></strong></span> <span class='ocrx_word' id='word_1_173' title='bbox 215 2686 294 2761; x_wconf 89' lang='grc' dir='ltr'><strong><em>τούς</em></strong></span> <span class='ocrx_word' id='word_1_174' title='bbox 322 2688 464 2770; x_wconf 89' lang='grc' dir='ltr'><strong><em>μυρίους</em></strong></span> <span class='ocrx_word' id='word_1_175' title='bbox 488 2681 544 2750; x_wconf 79' lang='grc' dir='ltr'><strong><em>καί</em></strong></span> <span class='ocrx_word' id='word_1_176' title='bbox 565 2687 770 2770; x_wconf 91' lang='grc' dir='ltr'><strong><em>τρισχιλίους</em></strong></span> <span class='ocrx_word' id='word_1_177' title='bbox 792 2682 848 2749; x_wconf 80' lang='grc' dir='ltr'><strong><em>καί</em></strong></span> <span class='ocrx_word' id='word_1_178' title='bbox 870 2691 1094 2755; x_wconf 85' lang='grc' dir='ltr'><strong><em>πεντακοσίου</em></strong></span> 
     </span>
     <span class='ocr_line' id='line_1_25' title="bbox 104 2778 1094 2877; baseline 0.007 -23"><span class='ocrx_word' id='word_1_179' title='bbox 104 2791 306 2875; x_wconf 75' lang='grc' dir='ltr'><strong><em>αἰχμάλωτοι</em></strong></span> <span class='ocrx_word' id='word_1_180' title='bbox 325 2787 356 2856; x_wconf 85' lang='grc' dir='ltr'><strong><em>δ’</em></strong></span> <span class='ocrx_word' id='word_1_181' title='bbox 377 2778 575 2874; x_wconf 80' lang='grc' dir='ltr'><strong><em>ἐλήφθησαν</em></strong></span> <span class='ocrx_word' id='word_1_182' title='bbox 592 2794 848 2877; x_wconf 87' lang='grc' dir='ltr'><strong><em>τετρακισχίλιοι</em></strong></span> <span class='ocrx_word' id='word_1_183' title='bbox 865 2790 922 2857; x_wconf 79' lang='grc' dir='ltr'><strong><em>καί</em></strong></span> <span class='ocrx_word' id='word_1_184' title='bbox 941 2794 1094 2861; x_wconf 85' lang='grc' dir='ltr'><strong><em>διακόσια</em></strong></span> 
     </span>
     <span class='ocr_line' id='line_1_26' title="bbox 64 2893 749 2984; baseline 0.009 -27"><span class='ocrx_word' id='word_1_185' title='bbox 64 2895 161 2962; x_wconf 75' lang='grc' dir='ltr'><strong><em>τεκαὶ</em></strong></span> <span class='ocrx_word' id='word_1_186' title='bbox 183 2897 201 2962; x_wconf 86' lang='grc' dir='ltr'>ὁ</span> <span class='ocrx_word' id='word_1_187' title='bbox 226 2893 287 2980; x_wconf 74' lang='grc' dir='ltr'><strong><em>μέν</em></strong></span> <span class='ocrx_word' id='word_1_188' title='bbox 310 2895 412 2983; x_wconf 83' lang='grc' dir='ltr'><strong><em>χάραξ</em></strong></span> <span class='ocrx_word' id='word_1_189' title='bbox 436 2898 631 2984; x_wconf 86' lang='grc' dir='ltr'><strong><em>αὐθημερὸν</em></strong></span> <span class='ocrx_word' id='word_1_190' title='bbox 654 2897 749 2963; x_wconf 83' lang='grc' dir='ltr'><strong><em>ἑάλω.</em></strong></span> 
     </span>
    </p>
   </div>
   <div class='ocr_carea' id='block_1_4' title="bbox 102 3088 1094 3374">
    <p class='ocr_par' dir='ltr' id='par_1_4' title="bbox 102 3088 1094 3374">
     <span class='ocr_line' id='line_1_27' title="bbox 175 3088 1094 3158; baseline 0.005 -14"><span class='ocrx_word' id='word_1_191' title='bbox 175 3088 421 3158; x_wconf 72' lang='grc' dir='ltr'><strong><em>λπεριειιάθηυτο</em></strong></span> <span class='ocrx_word' id='word_1_192' title='bbox 440 3089 462 3144; x_wconf 91' lang='grc' dir='ltr'><strong>Ο</strong></span> <span class='ocrx_word' id='word_1_193' title='bbox 483 3106 552 3146; x_wconf 84' lang='lat' dir='ltr'><strong>corr.</strong></span> <span class='ocrx_word' id='word_1_194' title='bbox 573 3089 698 3145; x_wconf 74' lang='lat' dir='ltr'><strong>Sintenis</strong></span> <span class='ocrx_word' id='word_1_195' title='bbox 717 3089 778 3145; x_wconf 85' lang='lat' dir='ltr'><strong><em>Em.</em></strong></span> <span class='ocrx_word' id='word_1_196' title='bbox 797 3089 880 3148; x_wconf 87' lang='lat' dir='ltr'><strong>Dion.</strong></span> <span class='ocrx_word' id='word_1_197' title='bbox 899 3091 927 3144; x_wconf 90' lang='lat' dir='ltr'><strong><em>II</em></strong></span> <span class='ocrx_word' id='word_1_198' title='bbox 947 3098 980 3147; x_wconf 81' lang='lat'><strong><em>15</em></strong></span> <span class='ocrx_word' id='word_1_199' title='bbox 1037 3099 1094 3148; x_wconf 77' lang='grc' dir='ltr'><strong><em>δα</em></strong></span> 
     </span>
     <span class='ocr_line' id='line_1_28' title="bbox 103 3160 1081 3234; baseline 0.004 -18"><span class='ocrx_word' id='word_1_200' title='bbox 103 3162 170 3234; x_wconf 82' lang='grc' dir='ltr'><strong><em>τῶν]</em></strong></span> <span class='ocrx_word' id='word_1_201' title='bbox 197 3160 328 3224; x_wconf 86' lang='grc' dir='ltr'><strong><em>αύτδιςΑ</em></strong></span> <span class='ocrx_word' id='word_1_202' title='bbox 364 3161 451 3216; x_wconf 83' lang='grc' dir='ltr'><strong><em>αύτοῦ</em></strong></span> <span class='ocrx_word' id='word_1_203' title='bbox 474 3161 521 3216; x_wconf 81' lang='lat' dir='ltr'><strong><em>vel</em></strong></span> <span class='ocrx_word' id='word_1_204' title='bbox 543 3162 614 3232; x_wconf 77' lang='grc' dir='ltr'><strong><em>αὐτῇ</em></strong></span> <span class='ocrx_word' id='word_1_205' title='bbox 638 3179 661 3216; x_wconf 88' lang='grc' dir='ltr'><strong><em>ο.</em></strong></span> <span class='ocrx_word' id='word_1_206' title='bbox 685 3161 808 3232; x_wconf 80' lang='lat' dir='ltr'><strong>Sylburg</strong></span> <span class='ocrx_word' id='word_1_207' title='bbox 833 3165 837 3230; x_wconf 94' lang='grc' dir='ltr'>Ι</span> <span class='ocrx_word' id='word_1_208' title='bbox 862 3161 959 3232; x_wconf 78' lang='grc' dir='ltr'><strong><em>χερσίν</em></strong></span> <span class='ocrx_word' id='word_1_209' title='bbox 984 3165 1081 3220; x_wconf 77' lang='grc' dir='ltr'><strong><em>αὐτῶν</em></strong></span> 
     </span>
     <span class='ocr_line' id='line_1_29' title="bbox 102 3232 1094 3305; baseline 0.003 -17"><span class='ocrx_word' id='word_1_210' title='bbox 102 3235 216 3304; x_wconf 78' lang='lat' dir='ltr'>praeter</span> <span class='ocrx_word' id='word_1_211' title='bbox 234 3232 284 3286; x_wconf 84' lang='lat' dir='ltr'><strong><em>Bc</em></strong></span> <span class='ocrx_word' id='word_1_212' title='bbox 362 3233 582 3305; x_wconf 72' lang='grc' dir='ltr'><strong><em>Βάνβήοχούσης</em></strong></span> <span class='ocrx_word' id='word_1_213' title='bbox 600 3233 647 3287; x_wconf 83' lang='lat' dir='ltr'><strong><em>Ba</em></strong></span> <span class='ocrx_word' id='word_1_214' title='bbox 683 3234 852 3302; x_wconf 89' lang='grc' dir='ltr'><strong><em>άνιοχούσης</em></strong></span> <span class='ocrx_word' id='word_1_215' title='bbox 869 3233 918 3287; x_wconf 88' lang='lat' dir='ltr'><strong><em>Bb</em></strong></span> <span class='ocrx_word' id='word_1_216' title='bbox 954 3235 1094 3304; x_wconf 65' lang='grc' dir='ltr'><strong><em>άνιοχούσῑ</em></strong></span> 
     </span>
     <span class='ocr_line' id='line_1_30' title="bbox 103 3302 1094 3374; baseline 0.002 -14"><span class='ocrx_word' id='word_1_217' title='bbox 103 3307 129 3360; x_wconf 85' lang='lat' dir='ltr'><strong>R</strong></span> <span class='ocrx_word' id='word_1_218' title='bbox 214 3302 362 3360; x_wconf 78' lang='grc' dir='ltr'><strong><em>θοίκείων</em></strong></span> <span class='ocrx_word' id='word_1_219' title='bbox 385 3304 535 3374; x_wconf 84' lang='grc' dir='ltr'><strong><em>νεκρῶνΒ</em></strong></span> <span class='ocrx_word' id='word_1_220' title='bbox 571 3313 627 3359; x_wconf 83' lang='grc' dir='ltr'><strong><em>τῶν</em></strong></span> <span class='ocrx_word' id='word_1_221' title='bbox 645 3313 754 3374; x_wconf 83' lang='grc' dir='ltr'><strong><em>νεκρῶν</em></strong></span> <span class='ocrx_word' id='word_1_222' title='bbox 772 3305 798 3358; x_wconf 82' lang='lat' dir='ltr'><strong>R</strong></span> <span class='ocrx_word' id='word_1_223' title='bbox 903 3311 936 3360; x_wconf 82' lang='lat'><strong><em>12</em></strong></span> <span class='ocrx_word' id='word_1_224' title='bbox 955 3315 1039 3362; x_wconf 80' lang='grc' dir='ltr'><strong><em>τοῦτο</em></strong></span> <span class='ocrx_word' id='word_1_225' title='bbox 1058 3307 1094 3362; x_wconf 89' lang='grc' dir='ltr'><strong><em>σύ</em></strong></span> 
     </span>
    </p>
   </div>
   <div class='ocr_carea' id='block_1_5' title="bbox 103 3375 1094 3520">
    <p class='ocr_par' dir='ltr' id='par_1_5' title="bbox 103 3375 1094 3520">
     <span class='ocr_line' id='line_1_31' title="bbox 103 3375 1094 3449; baseline 0.002 -17"><span class='ocrx_word' id='word_1_226' title='bbox 103 3382 186 3449; x_wconf 84' lang='grc' dir='ltr'><strong><em>θημα</em></strong></span> <span class='ocrx_word' id='word_1_227' title='bbox 204 3378 229 3430; x_wconf 83' lang='grc' dir='ltr'>Α</span> <span class='ocrx_word' id='word_1_228' title='bbox 265 3376 296 3431; x_wconf 83' lang='grc' dir='ltr'><strong><em>τὸ</em></strong></span> <span class='ocrx_word' id='word_1_229' title='bbox 320 3376 495 3446; x_wconf 85' lang='grc' dir='ltr'><strong><em>σύνθημαΒ</em></strong></span> <span class='ocrx_word' id='word_1_230' title='bbox 532 3384 613 3431; x_wconf 84' lang='grc' dir='ltr'><strong><em>τοῦτο</em></strong></span> <span class='ocrx_word' id='word_1_231' title='bbox 632 3375 664 3430; x_wconf 86' lang='grc' dir='ltr'><strong><em>τὸ</em></strong></span> <span class='ocrx_word' id='word_1_232' title='bbox 683 3393 706 3432; x_wconf 87' lang='grc' dir='ltr'><strong><em>ο.</em></strong></span> <span class='ocrx_word' id='word_1_233' title='bbox 726 3375 752 3429; x_wconf 83' lang='lat' dir='ltr'><strong>R</strong></span> <span class='ocrx_word' id='word_1_234' title='bbox 775 3379 780 3446; x_wconf 79' lang='grc' dir='ltr'>Ι</span> <span class='ocrx_word' id='word_1_235' title='bbox 800 3377 871 3448; x_wconf 77' lang='grc' dir='ltr'><strong><em>τοῖς]</em></strong></span> <span class='ocrx_word' id='word_1_236' title='bbox 890 3385 947 3432; x_wconf 80' lang='grc' dir='ltr'><strong><em>τῶν</em></strong></span> <span class='ocrx_word' id='word_1_237' title='bbox 965 3376 1016 3432; x_wconf 82' lang='lat' dir='ltr'><strong><em>Bc</em></strong></span> <span class='ocrx_word' id='word_1_238' title='bbox 1087 3385 1094 3434; x_wconf 73' lang='grc' dir='ltr'><strong><em>ί</em></strong></span> 
     </span>
     <span class='ocr_line' id='line_1_32' title="bbox 104 3446 582 3520; baseline -0.004 -18"><span class='ocrx_word' id='word_1_239' title='bbox 104 3450 178 3519; x_wconf 79' lang='grc' dir='ltr'><strong><em>ἀμφὶ</em></strong></span> <span class='ocrx_word' id='word_1_240' title='bbox 197 3447 248 3520; x_wconf 69' lang='grc' dir='ltr'><strong><em>μὲν</em></strong></span> <span class='ocrx_word' id='word_1_241' title='bbox 266 3447 319 3502; x_wconf 83' lang='lat' dir='ltr'><strong><em>AB</em></strong></span> <span class='ocrx_word' id='word_1_242' title='bbox 357 3447 431 3519; x_wconf 80' lang='grc' dir='ltr'><strong><em>άμφί</em></strong></span> <span class='ocrx_word' id='word_1_243' title='bbox 449 3447 514 3502; x_wconf 77' lang='lat' dir='ltr'><strong>add.</strong></span> <span class='ocrx_word' id='word_1_244' title='bbox 532 3446 582 3500; x_wconf 82' lang='lat' dir='ltr'><strong><em>Ab</em></strong></span> 
     </span>
    </p>
   </div>
   <div class='ocr_carea' id='block_1_6' title="bbox 0 0 1212 3840">
    <p class='ocr_par' dir='ltr' id='par_1_6' title="bbox 0 0 1212 3840">
     <span class='ocr_line' id='line_1_33' title="bbox 0 0 1212 3840; baseline 0 0"><span class='ocrx_word' id='word_1_245' title='bbox 0 0 1212 3840; x_wconf 95' lang='lat' dir='ltr'><strong><em> </em></strong></span> 
     </span>
    </p>
   </div>
  </div>
 </body>
</html>
